<marc:collection xmlns:marc="http://www.loc.gov/MARC21/slim" xmlns:xsi="http://www.w3.org/2001/XMLSchema-instance" xsi:schemaLocation="http://www.loc.gov/MARC21/slim http://www.loc.gov/standards/marcxml/schema/MARC21slim.xsd">
    <marc:record>
        <marc:leader>01464cam a2200337Ia 4500</marc:leader>
        <marc:controlfield tag="001">vtls000290740</marc:controlfield>
        <marc:controlfield tag="003">IeDuNL</marc:controlfield>
        <marc:controlfield tag="005">20101115110200.0</marc:controlfield>
        <marc:controlfield tag="008">101115q18201825ie ftz         n    zxx d</marc:controlfield>
        <marc:datafield tag="035" ind1=" " ind2=" ">
            <marc:subfield code="a">(OCoLC)16251872</marc:subfield>
        </marc:datafield>
        <marc:datafield tag="035" ind1=" " ind2=" ">
            <marc:subfield code="a">(OCoLC)ocm16251872</marc:subfield>
        </marc:datafield>
        <marc:datafield tag="039" ind1=" " ind2="9">
            <marc:subfield code="a">201011151102</marc:subfield>
            <marc:subfield code="b">bquigley</marc:subfield>
            <marc:subfield code="c">201011151054</marc:subfield>
            <marc:subfield code="d">bquigley</marc:subfield>
            <marc:subfield code="y">201011151052</marc:subfield>
            <marc:subfield code="z">bquigley</marc:subfield>
        </marc:datafield>
        <marc:datafield tag="040" ind1=" " ind2=" ">
            <marc:subfield code="a">IeDuNL</marc:subfield>
        </marc:datafield>
        <marc:datafield tag="049" ind1=" " ind2=" ">
            <marc:subfield code="a">N6IA</marc:subfield>
            <marc:subfield code="b">MU</marc:subfield>
        </marc:datafield>
        <marc:datafield tag="100" ind1="1" ind2=" ">
            <marc:subfield code="a">Ries, Ferdinand,</marc:subfield>
            <marc:subfield code="d">1784-1838.</marc:subfield>
        </marc:datafield>
        <marc:datafield tag="240" ind1="1" ind2="0">
            <marc:subfield code="a">Fantasias,</marc:subfield>
            <marc:subfield code="m">piano,</marc:subfield>
            <marc:subfield code="n">op. 85</marc:subfield>
        </marc:datafield>
        <marc:datafield tag="245" ind1="0" ind2="0">
            <marc:subfield code="a">Fantasia for the piano forte or harp in which is introduced two much admired Irish airs, [Op. 85]</marc:subfield>
            <marc:subfield code="h">[music]</marc:subfield>
            <marc:subfield code="b">in which is introduced two much admired Irish airs, 'Cailin beog cruite na mbo', 'Rose tree in full bearing'</marc:subfield>
            <marc:subfield code="c">composed &amp; most respectfully dedicated (by permission) to her grace the Duchess of Leinster by Ferd. Ries.</marc:subfield>
        </marc:datafield>
        <marc:datafield tag="260" ind1=" " ind2=" ">
            <marc:subfield code="a">Dublin :</marc:subfield>
            <marc:subfield code="b">I. Willis,</marc:subfield>
            <marc:subfield code="c">[18--]</marc:subfield>
        </marc:datafield>
        <marc:datafield tag="300" ind1=" " ind2=" ">
            <marc:subfield code="a">1 score (12 p.)</marc:subfield>
            <marc:subfield code="c">32 cm.</marc:subfield>
        </marc:datafield>
        <marc:datafield tag="650" ind1=" " ind2="0">
            <marc:subfield code="a">Piano music</marc:subfield>
            <marc:subfield code="v">Fantasias</marc:subfield>
            <marc:subfield code="z">Ireland</marc:subfield>
            <marc:subfield code="y">19th century</marc:subfield>
        </marc:datafield>
        <marc:datafield tag="650" ind1=" " ind2="0">
            <marc:subfield code="a">Folk music, Ireland</marc:subfield>
        </marc:datafield>
        <marc:datafield tag="740" ind1=" " ind2=" ">
            <marc:subfield code="a">Rose tree in full bearing</marc:subfield>
        </marc:datafield>
        <marc:datafield tag="740" ind1=" " ind2=" ">
            <marc:subfield code="a">Cailin beog cruite na mbo</marc:subfield>
        </marc:datafield>
        <marc:datafield tag="740" ind1=" " ind2=" ">
            <marc:subfield code="a">Cáilín beog cruite na mbo</marc:subfield>
        </marc:datafield>
        <marc:datafield tag="740" ind1=" " ind2=" ">
            <marc:subfield code="a">Caleendhas crootheenamoe</marc:subfield>
        </marc:datafield>
        <marc:datafield tag="740" ind1=" " ind2=" ">
            <marc:subfield code="a">The pretty girl milking her cow</marc:subfield>
        </marc:datafield>
        <marc:datafield tag="740" ind1=" " ind2=" ">
            <marc:subfield code="a">The rose tree</marc:subfield>
        </marc:datafield>
        <marc:datafield tag="856" ind1=" " ind2=" ">
            <marc:subfield code="u">urn:nli:vtls000290740_1  </marc:subfield>
            <marc:subfield code="u">urn:nli:vtls000290740_1  </marc:subfield>
            <marc:subfield code="u">urn:nli:vtls000290740_1  </marc:subfield>
            <marc:subfield code="u">urn:nli:vtls000290740_1  </marc:subfield>
            <marc:subfield code="u">urn:nli:vtls000290740_1  </marc:subfield>
            <marc:subfield code="u">urn:nli:vtls000290740_1  </marc:subfield>
            <marc:subfield code="u">urn:nli:vtls000290740_1  </marc:subfield>
            <marc:subfield code="u">urn:nli:vtls000290740_1  </marc:subfield>
            <marc:subfield code="u">urn:nli:vtls000290740_1  </marc:subfield>
            <marc:subfield code="u">urn:nli:vtls000290740_1  </marc:subfield>
            <marc:subfield code="u">urn:nli:vtls000290740_1  </marc:subfield>
        </marc:datafield>
        <marc:datafield tag="949" ind1=" " ind2=" ">
            <marc:subfield code="A">VIRTUAITEM</marc:subfield>
            <marc:subfield code="D">200000</marc:subfield>
            <marc:subfield code="X">23</marc:subfield>
            <marc:subfield code="6">290740</marc:subfield>
            <marc:subfield code="a">Add Mus 5063</marc:subfield>
        </marc:datafield>
        <marc:datafield tag="999" ind1=" " ind2=" ">
            <marc:subfield code="a">VIRTUA</marc:subfield>
        </marc:datafield>
        <marc:datafield tag="999" ind1=" " ind2=" ">
            <marc:subfield code="a">VTLSSORT0080*0351*0400*0350*0490*1000*2400*2450*2600*3000*6500*6501*7400*7401*7402*7403*7404*7405*8560*9991</marc:subfield>
        </marc:datafield>
    </marc:record>