
    <marc:record>
        <marc:leader>01542ncm a2200313   4500</marc:leader>
        <marc:controlfield tag="001">vtls000218956</marc:controlfield>
        <marc:controlfield tag="003">IeDuNL</marc:controlfield>
        <marc:controlfield tag="005">20101112143300.0</marc:controlfield>
        <marc:controlfield tag="008"> q18uuuuuuenkftz 1 </marc:controlfield>
        <marc:datafield tag="039" ind1=" " ind2="9">
            <marc:subfield code="a">201011121433</marc:subfield>
            <marc:subfield code="b">bquigley</marc:subfield>
            <marc:subfield code="c">201011121257</marc:subfield>
            <marc:subfield code="d">bquigley</marc:subfield>
            <marc:subfield code="c">201011011104</marc:subfield>
            <marc:subfield code="d">bquigley</marc:subfield>
            <marc:subfield code="c">201011011102</marc:subfield>
            <marc:subfield code="d">bquigley</marc:subfield>
            <marc:subfield code="y">201005151634</marc:subfield>
            <marc:subfield code="z">VLOAD</marc:subfield>
        </marc:datafield>
        <marc:datafield tag="040" ind1=" " ind2=" ">
            <marc:subfield code="a">IeDuNL</marc:subfield>
        </marc:datafield>
        <marc:datafield tag="049" ind1=" " ind2=" ">
            <marc:subfield code="b">MU</marc:subfield>
        </marc:datafield>
        <marc:datafield tag="100" ind1="1" ind2=" ">
            <marc:subfield code="a">Benedict, Julius,</marc:subfield>
            <marc:subfield code="c">Sir,</marc:subfield>
            <marc:subfield code="d">1804-1885.</marc:subfield>
        </marc:datafield>
        <marc:datafield tag="245" ind1="1" ind2="0">
            <marc:subfield code="a">Erin</marc:subfield>
            <marc:subfield code="h">[music] :</marc:subfield>
            <marc:subfield code="b">fantasia on Irish airs /</marc:subfield>
            <marc:subfield code="c">composed expressly for Madame Arabella Goddard by J.
            Benedict.</marc:subfield>
        </marc:datafield>
        <marc:datafield tag="250" ind1=" " ind2=" ">
            <marc:subfield code="a">Tenth edition.</marc:subfield>
        </marc:datafield>
        <marc:datafield tag="260" ind1=" " ind2=" ">
            <marc:subfield code="a">London :</marc:subfield>
            <marc:subfield code="b">Boosey,</marc:subfield>
            <marc:subfield code="c">[18-?].</marc:subfield>
        </marc:datafield>
        <marc:datafield tag="300" ind1=" " ind2=" ">
            <marc:subfield code="a">1 score ( 13 p.) ;</marc:subfield>
            <marc:subfield code="c">34cm.</marc:subfield>
        </marc:datafield>
        <marc:datafield tag="500" ind1=" " ind2=" ">
            <marc:subfield code="a">For piano.</marc:subfield>
        </marc:datafield>
        <marc:datafield tag="500" ind1=" " ind2=" ">
            <marc:subfield code="a">Cover title.</marc:subfield>
        </marc:datafield>
        <marc:datafield tag="500" ind1=" " ind2=" ">
            <marc:subfield code="a">Price 4/.</marc:subfield>
        </marc:datafield>
        <marc:datafield tag="650" ind1=" " ind2="0">
            <marc:subfield code="a">Songs, Irish</marc:subfield>
            <marc:subfield code="z">Ireland</marc:subfield>
            <marc:subfield code="v">Instrumental settings</marc:subfield>
        </marc:datafield>
        <marc:datafield tag="650" ind1=" " ind2="0">
            <marc:subfield code="a">Piano music</marc:subfield>
            <marc:subfield code="z">England</marc:subfield>
            <marc:subfield code="y">19th century.</marc:subfield>
        </marc:datafield>
        <marc:datafield tag="650" ind1=" " ind2="0">
            <marc:subfield code="a">Piano music</marc:subfield>
            <marc:subfield code="z">Ireland</marc:subfield>
            <marc:subfield code="y">19th century.</marc:subfield>
        </marc:datafield>
        <marc:datafield tag="856" ind1=" " ind2=" ">
            <marc:subfield code="u">urn:nli:vtls000218956_1</marc:subfield>
            <marc:subfield code="u">urn:nli:vtls000218956_2</marc:subfield>
            <marc:subfield code="u">urn:nli:vtls000218956_3</marc:subfield>
            <marc:subfield code="u">urn:nli:vtls000218956_4</marc:subfield>
            <marc:subfield code="u">urn:nli:vtls000218956_5</marc:subfield>
            <marc:subfield code="u">urn:nli:vtls000218956_6</marc:subfield>
            <marc:subfield code="u">urn:nli:vtls000218956_7</marc:subfield>
            <marc:subfield code="u">urn:nli:vtls000218956_8</marc:subfield>
            <marc:subfield code="u">urn:nli:vtls000218956_9</marc:subfield>
            <marc:subfield code="u">urn:nli:vtls000218956_10</marc:subfield>
            <marc:subfield code="u">urn:nli:vtls000218956_11</marc:subfield>
            <marc:subfield code="u">urn:nli:vtls000218956_12</marc:subfield>
            <marc:subfield code="u">urn:nli:vtls000218956_13</marc:subfield>
            <marc:subfield code="u">urn:nli:vtls000218956_14</marc:subfield>
            <marc:subfield code="x">Image filenames as supplied to NAIC </marc:subfield>
        </marc:datafield>
        <marc:datafield tag="911" ind1=" " ind2=" ">
            <marc:subfield code="a">271958</marc:subfield>
        </marc:datafield>
        <marc:datafield tag="949" ind1=" " ind2=" ">
            <marc:subfield code="A">VIRTUAITEM</marc:subfield>
            <marc:subfield code="D">50000</marc:subfield>
            <marc:subfield code="F">1</marc:subfield>
            <marc:subfield code="X">23</marc:subfield>
            <marc:subfield code="6">34444100128156</marc:subfield>
            <marc:subfield code="a">MU-sb-398</marc:subfield>
            <marc:subfield code="o">ITEM TYPE : mu</marc:subfield>
        </marc:datafield>
        <marc:datafield tag="955" ind1=" " ind2=" ">
            <marc:subfield code="a">EC.</marc:subfield>
        </marc:datafield>
        <marc:datafield tag="999" ind1=" " ind2=" ">
            <marc:subfield code="a">VIRTUA</marc:subfield>
        </marc:datafield>
        <marc:datafield tag="999" ind1=" " ind2=" ">
            <marc:subfield code="a">VTLSSORT0080*0400*0490*1000*2450*2500*2600*3000*5000*5001*5002*6500*6501*6502*8560*9110*9490*9550*9991</marc:subfield>
        </marc:datafield>
    </marc:record>