
    <marc:record>
        <marc:leader>01445ncm a2200337Ma 4500</marc:leader>
        <marc:controlfield tag="001">vtls000191575</marc:controlfield>
        <marc:controlfield tag="003">IeDuNL</marc:controlfield>
        <marc:controlfield tag="005">20101112142700.0</marc:controlfield>
        <marc:controlfield tag="008">030221s1797 enkrdz n d</marc:controlfield>
        <marc:datafield tag="035" ind1=" " ind2=" ">
            <marc:subfield code="a">(OCoLC)ocm51803405</marc:subfield>
        </marc:datafield>
        <marc:datafield tag="039" ind1=" " ind2="9">
            <marc:subfield code="a">201011121427</marc:subfield>
            <marc:subfield code="b">bquigley</marc:subfield>
            <marc:subfield code="c">201011121300</marc:subfield>
            <marc:subfield code="d">bquigley</marc:subfield>
            <marc:subfield code="c">201008011602</marc:subfield>
            <marc:subfield code="d">VLOAD</marc:subfield>
            <marc:subfield code="y">201005151251</marc:subfield>
            <marc:subfield code="z">VLOAD</marc:subfield>
        </marc:datafield>
        <marc:datafield tag="040" ind1=" " ind2=" ">
            <marc:subfield code="a">EQO</marc:subfield>
            <marc:subfield code="c">EQO</marc:subfield>
            <marc:subfield code="d">N6I</marc:subfield>
        </marc:datafield>
        <marc:datafield tag="049" ind1=" " ind2=" ">
            <marc:subfield code="a">N6IA</marc:subfield>
            <marc:subfield code="b">MU</marc:subfield>
        </marc:datafield>
        <marc:datafield tag="100" ind1="1" ind2=" ">
            <marc:subfield code="a">Field, John</marc:subfield>
            <marc:subfield code="d">1782-1837</marc:subfield>
        </marc:datafield>
        <marc:datafield tag="245" ind1="1" ind2="0">
            <marc:subfield code="a">Go to the devil &amp; shake yourself</marc:subfield>
            <marc:subfield code="h">[music] :</marc:subfield>
            <marc:subfield code="b">a favorite Irish dance arranged as a rondo for the piano forte /</marc:subfield>
            <marc:subfield code="c">[John Field].</marc:subfield>
        </marc:datafield>
        <marc:datafield tag="246" ind1="3" ind2="3">
            <marc:subfield code="a">Go to the devil and shake yourself.</marc:subfield>
        </marc:datafield>
        <marc:datafield tag="260" ind1=" " ind2=" ">
            <marc:subfield code="a">London (13 Haymarket) :</marc:subfield>
            <marc:subfield code="b">Printed by Broderip and Wilkinson,</marc:subfield>
            <marc:subfield code="c">[1797?].</marc:subfield>
        </marc:datafield>
        <marc:datafield tag="300" ind1=" " ind2=" ">
            <marc:subfield code="a">1 score ([4] p.) ;</marc:subfield>
            <marc:subfield code="c">32cm.</marc:subfield>
        </marc:datafield>
        <marc:datafield tag="500" ind1=" " ind2=" ">
            <marc:subfield code="a">Caption title.</marc:subfield>
        </marc:datafield>
        <marc:datafield tag="508" ind1=" " ind2=" ">
            <marc:subfield code="a">Attributed to John Field.</marc:subfield>
        </marc:datafield>
        <marc:datafield tag="650" ind1=" " ind2="0">
            <marc:subfield code="a">Rondos (Piano).</marc:subfield>
        </marc:datafield>
        <marc:datafield tag="650" ind1=" " ind2="0">
            <marc:subfield code="a">Dance music</marc:subfield>
            <marc:subfield code="z">Ireland</marc:subfield>
            <marc:subfield code="y">18th century.</marc:subfield>
        </marc:datafield>
        <marc:datafield tag="650" ind1=" " ind2="0">
            <marc:subfield code="a">Piano music, Arranged</marc:subfield>
            <marc:subfield code="y">18th century.</marc:subfield>
        </marc:datafield>
        <marc:datafield tag="710" ind1="2" ind2=" ">
            <marc:subfield code="a">Broderip and Wilkinson,</marc:subfield>
            <marc:subfield code="e">publisher.</marc:subfield>
        </marc:datafield>
        <marc:datafield tag="856" ind1=" " ind2=" ">
            <marc:subfield code="u">urn:nli:vtls000191575_1</marc:subfield>
            <marc:subfield code="u">urn:nli:vtls000191575_2</marc:subfield>
            <marc:subfield code="u">urn:nli:vtls000191575_3</marc:subfield>
            <marc:subfield code="u">urn:nli:vtls000191575_4</marc:subfield>
            <marc:subfield code="x">Image filenames as supplied to NAIC</marc:subfield>
        </marc:datafield>
        <marc:datafield tag="911" ind1=" " ind2=" ">
            <marc:subfield code="a">241227</marc:subfield>
        </marc:datafield>
        <marc:datafield tag="949" ind1=" " ind2=" ">
            <marc:subfield code="A">VIRTUAITEM</marc:subfield>
            <marc:subfield code="D">50000</marc:subfield>
            <marc:subfield code="F">1</marc:subfield>
            <marc:subfield code="X">23</marc:subfield>
            <marc:subfield code="6">34444100128206</marc:subfield>
            <marc:subfield code="a">MU-sb-442</marc:subfield>
            <marc:subfield code="o">ITEM TYPE : mu</marc:subfield>
        </marc:datafield>
        <marc:datafield tag="949" ind1=" " ind2=" ">
            <marc:subfield code="A">VIRTUAITEM</marc:subfield>
            <marc:subfield code="D">50000</marc:subfield>
            <marc:subfield code="X">23</marc:subfield>
            <marc:subfield code="a">MU-sb-442</marc:subfield>
        </marc:datafield>
        <marc:datafield tag="955" ind1=" " ind2=" ">
            <marc:subfield code="a">EC.</marc:subfield>
        </marc:datafield>
        <marc:datafield tag="999" ind1=" " ind2=" ">
            <marc:subfield code="a">VIRTUA</marc:subfield>
        </marc:datafield>
        <marc:datafield tag="999" ind1=" " ind2=" ">
            <marc:subfield code="a">VTLSSORT0080*0350*0400*0490*1000*2450*2460*2600*3000*5000*5080*6500*6501*6502*7100*8560*9110*9490*9550*9991</marc:subfield>
        </marc:datafield>
    </marc:record>