
    <marc:record>
        <marc:leader>01633ncm a2200337   4500</marc:leader>
        <marc:controlfield tag="001">vtls000205725</marc:controlfield>
        <marc:controlfield tag="003">IeDuNL</marc:controlfield>
        <marc:controlfield tag="005">20101112143200.0</marc:controlfield>
        <marc:controlfield tag="008">030512s1800 ie vrz 1 </marc:controlfield>
        <marc:datafield tag="039" ind1=" " ind2="9">
            <marc:subfield code="a">201011121432</marc:subfield>
            <marc:subfield code="b">bquigley</marc:subfield>
            <marc:subfield code="c">201011121253</marc:subfield>
            <marc:subfield code="d">bquigley</marc:subfield>
            <marc:subfield code="c">201008011818</marc:subfield>
            <marc:subfield code="d">VLOAD</marc:subfield>
            <marc:subfield code="y">201005151443</marc:subfield>
            <marc:subfield code="z">VLOAD</marc:subfield>
        </marc:datafield>
        <marc:datafield tag="049" ind1=" " ind2=" ">
            <marc:subfield code="b">MU</marc:subfield>
        </marc:datafield>
        <marc:datafield tag="100" ind1="1" ind2=" ">
            <marc:subfield code="a">Dussek, Johann Ladislaus</marc:subfield>
            <marc:subfield code="d">1760-1812</marc:subfield>
        </marc:datafield>
        <marc:datafield tag="245" ind1="1" ind2="0">
            <marc:subfield code="a">In the dead of the night,</marc:subfield>
            <marc:subfield code="h">[music] :</marc:subfield>
            <marc:subfield code="b">or (Katty Flanigan) /</marc:subfield>
            <marc:subfield code="c">with variations for the piano forte by J. L.
            Dussek.</marc:subfield>
        </marc:datafield>
        <marc:datafield tag="246" ind1="3" ind2="3">
            <marc:subfield code="a">Katty Flanigan.</marc:subfield>
        </marc:datafield>
        <marc:datafield tag="246" ind1="3" ind2=" ">
            <marc:subfield code="a">At the dead of the night.</marc:subfield>
        </marc:datafield>
        <marc:datafield tag="260" ind1=" " ind2=" ">
            <marc:subfield code="a">Dublin (4 Sackville Street) :</marc:subfield>
            <marc:subfield code="b">Cooke's Music Warehouse,</marc:subfield>
            <marc:subfield code="c">[ca. 1800].</marc:subfield>
        </marc:datafield>
        <marc:datafield tag="300" ind1=" " ind2=" ">
            <marc:subfield code="a">1 score ([3] p.) ;</marc:subfield>
            <marc:subfield code="c">34cm.</marc:subfield>
        </marc:datafield>
        <marc:datafield tag="501" ind1=" " ind2=" ">
            <marc:subfield code="a">Bound with: volume of printed music.</marc:subfield>
            <marc:subfield code="5">IeDuNL</marc:subfield>
        </marc:datafield>
        <marc:datafield tag="508" ind1=" " ind2=" ">
            <marc:subfield code="a">Piano arrangment of a song called Katty Flanigan or In the dead
                of the night or At the dead of the night, from Zorinski (1795) by Samuel
            Arnold</marc:subfield>
        </marc:datafield>
        <marc:datafield tag="561" ind1=" " ind2=" ">
            <marc:subfield code="a">Miss Roberts - signature near title.</marc:subfield>
            <marc:subfield code="5">IeDuNL</marc:subfield>
        </marc:datafield>
        <marc:datafield tag="650" ind1=" " ind2="0">
            <marc:subfield code="a">Piano music</marc:subfield>
            <marc:subfield code="z">Ireland</marc:subfield>
            <marc:subfield code="y">18th century.</marc:subfield>
        </marc:datafield>
        <marc:datafield tag="650" ind1=" " ind2="0">
            <marc:subfield code="a">Variations (Piano)</marc:subfield>
            <marc:subfield code="y">18th century.</marc:subfield>
        </marc:datafield>
        <marc:datafield tag="700" ind1="1" ind2="0">
            <marc:subfield code="a">Cooke, Bartholomew,</marc:subfield>
            <marc:subfield code="e">publisher.</marc:subfield>
        </marc:datafield>
        <marc:datafield tag="700" ind1="1" ind2="0">
            <marc:subfield code="a">Arnold, Samuel,</marc:subfield>
            <marc:subfield code="d">1740-1802.</marc:subfield>
            <marc:subfield code="t">Zorinski.</marc:subfield>
            <marc:subfield code="p">Katty Flanigan.</marc:subfield>
        </marc:datafield>
        <marc:datafield tag="740" ind1="0" ind2=" ">
            <marc:subfield code="a">Zorinski.</marc:subfield>
        </marc:datafield>
        <marc:datafield tag="856" ind1=" " ind2=" ">
            <marc:subfield code="u">urn:nli:vtls000205725_1</marc:subfield>
            <marc:subfield code="u">urn:nli:vtls000205725_2</marc:subfield>
            <marc:subfield code="u">urn:nli:vtls000205725_3</marc:subfield>
            <marc:subfield code="x">Image filenames as supplied to NAIC </marc:subfield>
        </marc:datafield>
        <marc:datafield tag="911" ind1=" " ind2=" ">
            <marc:subfield code="a">257209</marc:subfield>
        </marc:datafield>
        <marc:datafield tag="949" ind1=" " ind2=" ">
            <marc:subfield code="A">VIRTUAITEM</marc:subfield>
            <marc:subfield code="D">50000</marc:subfield>
            <marc:subfield code="F">1</marc:subfield>
            <marc:subfield code="X">23</marc:subfield>
            <marc:subfield code="6">300000[257209]</marc:subfield>
            <marc:subfield code="a">MU-vc-14 (4)</marc:subfield>
            <marc:subfield code="o">ITEM TYPE : mu; SOURCE : Greene's May 2003 E250</marc:subfield>
        </marc:datafield>
        <marc:datafield tag="955" ind1=" " ind2=" ">
            <marc:subfield code="a">EC</marc:subfield>
        </marc:datafield>
        <marc:datafield tag="999" ind1=" " ind2=" ">
            <marc:subfield code="a">VIRTUA</marc:subfield>
        </marc:datafield>
        <marc:datafield tag="999" ind1=" " ind2=" ">
            <marc:subfield code="a">VTLSSORT0080*0490*1000*2450*2460*2461*2600*3000*5010*5080*5610*6500*6501*7000*7001*7400*8560*9110*9490*9550*9991</marc:subfield>
        </marc:datafield>
    </marc:record>