
    <marc:record>
        <marc:leader>02910ncm a2200433Ma 4500</marc:leader>
        <marc:controlfield tag="001">vtls000290280</marc:controlfield>
        <marc:controlfield tag="003">IeDuNL</marc:controlfield>
        <marc:controlfield tag="005">20101112151200.0</marc:controlfield>
        <marc:controlfield tag="008">101101s1797 enkrdz n d</marc:controlfield>
        <marc:datafield tag="039" ind1=" " ind2="9">
            <marc:subfield code="a">201011121512</marc:subfield>
            <marc:subfield code="b">bquigley</marc:subfield>
            <marc:subfield code="c">201011121511</marc:subfield>
            <marc:subfield code="d">bquigley</marc:subfield>
            <marc:subfield code="c">201011121455</marc:subfield>
            <marc:subfield code="d">bquigley</marc:subfield>
            <marc:subfield code="c">201011021318</marc:subfield>
            <marc:subfield code="d">bquigley</marc:subfield>
            <marc:subfield code="y">201011011517</marc:subfield>
            <marc:subfield code="z">bquigley</marc:subfield>
        </marc:datafield>
        <marc:datafield tag="040" ind1=" " ind2=" ">
            <marc:subfield code="a">IeDuNL</marc:subfield>
        </marc:datafield>
        <marc:datafield tag="049" ind1=" " ind2=" ">
            <marc:subfield code="a">N6IA</marc:subfield>
            <marc:subfield code="b">MU</marc:subfield>
        </marc:datafield>
        <marc:datafield tag="100" ind1="1" ind2=" ">
            <marc:subfield code="a">Blewitt, Jonathan</marc:subfield>
            <marc:subfield code="q">(Jonathan)</marc:subfield>
            <marc:subfield code="d">1782-1853</marc:subfield>
        </marc:datafield>
        <marc:datafield tag="245" ind1="1" ind2="0">
            <marc:subfield code="a">Céad Míle Fáilte agus slainte roime an rig inorneac =</marc:subfield>
            <marc:subfield code="h">[music] :</marc:subfield>
            <marc:subfield code="b">"We hail our dear and beloved Sovereign with a Hundred
                Thousand Welcomes" a Grand Royal Divertimento for the piano forte or harp,
                with an accompaniment for the flute in honour of his majesty's most gracious visit
                to Ireland in which is introduced an original melody 'Aislín do conairc me reir',
                never before published by the celebrated Irish bard Carolan</marc:subfield>
            <marc:subfield code="c">composed &amp; humbly inscribed to the kings most excellect
                majesty George the Fourth by J. Blewitt.</marc:subfield>
        </marc:datafield>
        <marc:datafield tag="260" ind1=" " ind2=" ">
            <marc:subfield code="a">Dublin (No. 7 Westmoreland st)) :</marc:subfield>
            <marc:subfield code="b">Published by I. Willis,</marc:subfield>
            <marc:subfield code="c">[1821?].</marc:subfield>
        </marc:datafield>
        <marc:datafield tag="300" ind1=" " ind2=" ">
            <marc:subfield code="a">1 score ([16] p.) ;</marc:subfield>
            <marc:subfield code="c">36cm.</marc:subfield>
        </marc:datafield>
        <marc:datafield tag="500" ind1=" " ind2=" ">
            <marc:subfield code="a">Cover title.</marc:subfield>
        </marc:datafield>
        <marc:datafield tag="500" ind1=" " ind2=" ">
            <marc:subfield code="a">Current NLI call number: JM 4639</marc:subfield>
        </marc:datafield>
        <marc:datafield tag="500" ind1=" " ind2=" ">
            <marc:subfield code="a">Cover title: 'Published as the Act directs by I. Willis, 7
                Westmoreland St.</marc:subfield>
        </marc:datafield>
        <marc:datafield tag="500" ind1=" " ind2=" ">
            <marc:subfield code="a">Last page of music contains small 8-bar piano piece: 'King
                George 4th's March, composed by Master Edward Tuite D'Alton, only 5 Years of
            age.</marc:subfield>
        </marc:datafield>
        <marc:datafield tag="500" ind1=" " ind2=" ">
            <marc:subfield code="a">Back page: 'A catalogue of new and admired publications printed
                by I. Willis, No. 7 Westmoreland St., Dublin</marc:subfield>
        </marc:datafield>
        <marc:datafield tag="500" ind1=" " ind2=" ">
            <marc:subfield code="a">Displays publisher's stamp</marc:subfield>
        </marc:datafield>
        <marc:datafield tag="500" ind1=" " ind2=" ">
            <marc:subfield code="a">Cover title: harp illustration</marc:subfield>
        </marc:datafield>
        <marc:datafield tag="500" ind1=" " ind2=" ">
            <marc:subfield code="a">Inside cover title: portrait of George IV</marc:subfield>
        </marc:datafield>
        <marc:datafield tag="500" ind1=" " ind2=" ">
            <marc:subfield code="a">Part of DIT project</marc:subfield>
        </marc:datafield>
        <marc:datafield tag="650" ind1=" " ind2="0">
            <marc:subfield code="a">Piano music</marc:subfield>
            <marc:subfield code="z">Ireland</marc:subfield>
            <marc:subfield code="y">19th century.</marc:subfield>
        </marc:datafield>
        <marc:datafield tag="650" ind1=" " ind2="0">
            <marc:subfield code="a">Piano music, Arranged</marc:subfield>
            <marc:subfield code="y">19th century.</marc:subfield>
        </marc:datafield>
        <marc:datafield tag="650" ind1=" " ind2="0">
            <marc:subfield code="a">Harp music /z Ireland</marc:subfield>
            <marc:subfield code="y">19th century</marc:subfield>
        </marc:datafield>
        <marc:datafield tag="700" ind1="0" ind2=" ">
            <marc:subfield code="a">Carolan, Turlough</marc:subfield>
            <marc:subfield code="d">1670-1738</marc:subfield>
        </marc:datafield>
        <marc:datafield tag="740" ind1=" " ind2=" ">
            <marc:subfield code="a">Aislín do conairc me reir</marc:subfield>
        </marc:datafield>
        <marc:datafield tag="740" ind1=" " ind2=" ">
            <marc:subfield code="a">Royal Divertimento </marc:subfield>
        </marc:datafield>
        <marc:datafield tag="740" ind1=" " ind2=" ">
            <marc:subfield code="a">Grand Coronation March</marc:subfield>
        </marc:datafield>
        <marc:datafield tag="740" ind1=" " ind2=" ">
            <marc:subfield code="a">Last Night' Dream</marc:subfield>
        </marc:datafield>
        <marc:datafield tag="740" ind1=" " ind2=" ">
            <marc:subfield code="a">King George 4th's Grand March</marc:subfield>
        </marc:datafield>
        <marc:datafield tag="740" ind1=" " ind2=" ">
            <marc:subfield code="a">We hail our dear and beloved Sovereign with a Hundred Thousand
                Welcomes</marc:subfield>
        </marc:datafield>
        <marc:datafield tag="856" ind1=" " ind2=" ">
            <marc:subfield code="u">urn:nli:vtls000290280_1</marc:subfield>
            <marc:subfield code="u">urn:nli:vtls000290280_2</marc:subfield>
            <marc:subfield code="u">urn:nli:vtls000290280_3</marc:subfield>
            <marc:subfield code="u">urn:nli:vtls000290280_4</marc:subfield>
            <marc:subfield code="u">urn:nli:vtls000290280_5</marc:subfield>
            <marc:subfield code="u">urn:nli:vtls000290280_6</marc:subfield>
            <marc:subfield code="u">urn:nli:vtls000290280_7</marc:subfield>
            <marc:subfield code="u">urn:nli:vtls000290280_8</marc:subfield>
            <marc:subfield code="u">urn:nli:vtls000290280_9</marc:subfield>
            <marc:subfield code="u">urn:nli:vtls000290280_10</marc:subfield>
            <marc:subfield code="u">urn:nli:vtls000290280_11</marc:subfield>
            <marc:subfield code="u">urn:nli:vtls000290280_12</marc:subfield>
            <marc:subfield code="u">urn:nli:vtls000290280_13</marc:subfield>
            <marc:subfield code="u">urn:nli:vtls000290280_14</marc:subfield>
            <marc:subfield code="u">urn:nli:vtls000290280_15</marc:subfield>
            <marc:subfield code="u">urn:nli:vtls000290280_16</marc:subfield>
            <marc:subfield code="x">Image filenames as supplied to NAIC </marc:subfield>
        </marc:datafield>
        <marc:datafield tag="949" ind1=" " ind2=" ">
            <marc:subfield code="A">VIRTUAITEM</marc:subfield>
            <marc:subfield code="D">50000</marc:subfield>
            <marc:subfield code="X">23</marc:subfield>
            <marc:subfield code="6">290280</marc:subfield>
            <marc:subfield code="a">JM 4639</marc:subfield>
        </marc:datafield>
        <marc:datafield tag="999" ind1=" " ind2=" ">
            <marc:subfield code="a">VIRTUA</marc:subfield>
        </marc:datafield>
        <marc:datafield tag="999" ind1=" " ind2=" ">
            <marc:subfield code="a">VTLSSORT0080*0400*0490*1000*2450*2600*3000*5000*5001*5002*5003*5004*5005*5006*5007*5008*6500*6501*6502*7000*7400*7401*7402*7403*7404*7405*8560*9991</marc:subfield>
        </marc:datafield>
    </marc:record>