
    <marc:record>
        <marc:leader>01031ncm a2200265Mi 4500</marc:leader>
        <marc:controlfield tag="001">vtls000104629</marc:controlfield>
        <marc:controlfield tag="003">IeDuNL</marc:controlfield>
        <marc:controlfield tag="005">20101115144000.0</marc:controlfield>
        <marc:controlfield tag="008">860624s1803 enkrdz n d</marc:controlfield>
        <marc:datafield tag="035" ind1=" " ind2=" ">
            <marc:subfield code="a">(OCoLC)ocm16458377</marc:subfield>
        </marc:datafield>
        <marc:datafield tag="039" ind1=" " ind2="9">
            <marc:subfield code="a">201011151440</marc:subfield>
            <marc:subfield code="b">bquigley</marc:subfield>
            <marc:subfield code="c">201011151439</marc:subfield>
            <marc:subfield code="d">bquigley</marc:subfield>
            <marc:subfield code="c">201008010238</marc:subfield>
            <marc:subfield code="d">VLOAD</marc:subfield>
            <marc:subfield code="y">201005150122</marc:subfield>
            <marc:subfield code="z">VLOAD</marc:subfield>
        </marc:datafield>
        <marc:datafield tag="040" ind1=" " ind2=" ">
            <marc:subfield code="a">IeDuNL</marc:subfield>
        </marc:datafield>
        <marc:datafield tag="048" ind1=" " ind2=" ">
            <marc:subfield code="a">ka01</marc:subfield>
        </marc:datafield>
        <marc:datafield tag="049" ind1=" " ind2=" ">
            <marc:subfield code="a">N6IA</marc:subfield>
            <marc:subfield code="b">MU</marc:subfield>
        </marc:datafield>
        <marc:datafield tag="100" ind1="1" ind2=" ">
            <marc:subfield code="a">Butler, Thomas Hamley (Hamly)</marc:subfield>
            <marc:subfield code="q">(Thomas Hamly),</marc:subfield>
            <marc:subfield code="d">ca. 1755-1823.</marc:subfield>
        </marc:datafield>
        <marc:datafield tag="245" ind1="1" ind2="0">
            <marc:subfield code="a">Erin go bragh :</marc:subfield>
            <marc:subfield code="b">a favorite Irish air /</marc:subfield>
            <marc:subfield code="c">arr. as a rondo for the piano forte by T.H.
            Butler.</marc:subfield>
        </marc:datafield>
        <marc:datafield tag="260" ind1=" " ind2=" ">
            <marc:subfield code="a">London :</marc:subfield>
            <marc:subfield code="b">J. Dale,</marc:subfield>
            <marc:subfield code="c">[ca. 1803].</marc:subfield>
        </marc:datafield>
        <marc:datafield tag="300" ind1=" " ind2=" ">
            <marc:subfield code="a">3 p. of music.</marc:subfield>
        </marc:datafield>
        <marc:datafield tag="500" ind1=" " ind2=" ">
            <marc:subfield code="a">Caption title.</marc:subfield>
        </marc:datafield>
        <marc:datafield tag="650" ind1=" " ind2="0">
            <marc:subfield code="a">Rondos (Piano).</marc:subfield>
        </marc:datafield>
        <marc:datafield tag="856" ind1=" " ind2=" ">
            <marc:subfield code="u">urn:nli:vtls000104629_1</marc:subfield>
            <marc:subfield code="u">urn:nli:vtls000104629_2</marc:subfield>
            <marc:subfield code="u">urn:nli:vtls000104629_3</marc:subfield>
            <marc:subfield code="x">Image filenames as supplied to NAIC </marc:subfield>
        </marc:datafield>
        <marc:datafield tag="911" ind1=" " ind2=" ">
            <marc:subfield code="a">145474</marc:subfield>
        </marc:datafield>
        <marc:datafield tag="949" ind1=" " ind2=" ">
            <marc:subfield code="A">VIRTUAITEM</marc:subfield>
            <marc:subfield code="D">90000</marc:subfield>
            <marc:subfield code="F">1</marc:subfield>
            <marc:subfield code="X">23</marc:subfield>
            <marc:subfield code="6">-116426</marc:subfield>
            <marc:subfield code="a">Ir 780 p 66</marc:subfield>
            <marc:subfield code="o">ITEM TYPE : bk</marc:subfield>
        </marc:datafield>
        <marc:datafield tag="999" ind1=" " ind2=" ">
            <marc:subfield code="a">VIRTUA</marc:subfield>
        </marc:datafield>
        <marc:datafield tag="999" ind1=" " ind2=" ">
            <marc:subfield code="a">VTLSSORT0080*0350*0400*0480*0490*1000*2450*2600*3000*5000*6500*8560*9110*9490*9991</marc:subfield>
        </marc:datafield>
    </marc:record>