
    <marc:record>
        <marc:leader>01894ncm a2200349Mi 4500</marc:leader>
        <marc:controlfield tag="001">vtls000290306</marc:controlfield>
        <marc:controlfield tag="003">IeDuNL</marc:controlfield>
        <marc:controlfield tag="005">20101115144600.0</marc:controlfield>
        <marc:controlfield tag="008">101102s1803 enkrdz n d</marc:controlfield>
        <marc:datafield tag="039" ind1=" " ind2="9">
            <marc:subfield code="a">201011151446</marc:subfield>
            <marc:subfield code="b">bquigley</marc:subfield>
            <marc:subfield code="y">201011021318</marc:subfield>
            <marc:subfield code="z">bquigley</marc:subfield>
        </marc:datafield>
        <marc:datafield tag="040" ind1=" " ind2=" ">
            <marc:subfield code="a">IeDuNL</marc:subfield>
        </marc:datafield>
        <marc:datafield tag="049" ind1=" " ind2=" ">
            <marc:subfield code="a">N6IA</marc:subfield>
            <marc:subfield code="b">MU</marc:subfield>
        </marc:datafield>
        <marc:datafield tag="100" ind1="1" ind2=" ">
            <marc:subfield code="a">Butler, Thomas Hamley (Hamly)</marc:subfield>
            <marc:subfield code="q">(Thomas Hamley)[Hamly],</marc:subfield>
            <marc:subfield code="d">ca. 1755-1823.</marc:subfield>
        </marc:datafield>
        <marc:datafield tag="245" ind1="1" ind2="0">
            <marc:subfield code="a">Three Sonatas:</marc:subfield>
            <marc:subfield code="h">[music]</marc:subfield>
            <marc:subfield code="b">with Scots and Irish Airs for the harpsichord or piano forte /</marc:subfield>
            <marc:subfield code="c">composed and humbly dedicated to Miss Dundas of Arnisten by T.H.
                Butler.</marc:subfield>
        </marc:datafield>
        <marc:datafield tag="260" ind1=" " ind2=" ">
            <marc:subfield code="a">Edinburgh :</marc:subfield>
            <marc:subfield code="b">J. McFadyen Music</marc:subfield>
            <marc:subfield code="c">[ca. 18025?].</marc:subfield>
        </marc:datafield>
        <marc:datafield tag="300" ind1=" " ind2=" ">
            <marc:subfield code="a">11 p.</marc:subfield>
            <marc:subfield code="c">32cm</marc:subfield>
        </marc:datafield>
        <marc:datafield tag="500" ind1=" " ind2=" ">
            <marc:subfield code="a">Cover title.</marc:subfield>
        </marc:datafield>
        <marc:datafield tag="500" ind1=" " ind2=" ">
            <marc:subfield code="a">Part of DIT project</marc:subfield>
        </marc:datafield>
        <marc:datafield tag="500" ind1=" " ind2=" ">
            <marc:subfield code="a">Water mark 1805?</marc:subfield>
        </marc:datafield>
        <marc:datafield tag="500" ind1=" " ind2=" ">
            <marc:subfield code="a">Included in Sonatas II &amp; III are the following keyboard
                pieces: 'Sows tail to Geordie, a favourite Scots Air made into a Rondeau by T.H.
                Butler' and 'Paddy Whack, a favourite Rondo by T.H. Butler'.</marc:subfield>
        </marc:datafield>
        <marc:datafield tag="500" ind1=" " ind2=" ">
            <marc:subfield code="a">NLI call number: Add Mus 4946</marc:subfield>
        </marc:datafield>
        <marc:datafield tag="650" ind1=" " ind2="0">
            <marc:subfield code="a">Piano music, Arranged</marc:subfield>
            <marc:subfield code="z">Ireland</marc:subfield>
            <marc:subfield code="y">19th century</marc:subfield>
        </marc:datafield>
        <marc:datafield tag="650" ind1=" " ind2="0">
            <marc:subfield code="a">Harpsichord music, arranged</marc:subfield>
            <marc:subfield code="z">Ireland</marc:subfield>
            <marc:subfield code="y">19th century</marc:subfield>
        </marc:datafield>
        <marc:datafield tag="650" ind1=" " ind2="0">
            <marc:subfield code="a">Irish Airs, arranged</marc:subfield>
            <marc:subfield code="z">Ireland</marc:subfield>
            <marc:subfield code="y">19th century</marc:subfield>
        </marc:datafield>
        <marc:datafield tag="650" ind1=" " ind2="0">
            <marc:subfield code="a">Scots Airs, arranged</marc:subfield>
            <marc:subfield code="z">Scotland</marc:subfield>
            <marc:subfield code="y">19th century</marc:subfield>
        </marc:datafield>
        <marc:datafield tag="650" ind1=" " ind2="0">
            <marc:subfield code="a">Rondos</marc:subfield>
            <marc:subfield code="z">Scotland</marc:subfield>
            <marc:subfield code="y">19th century</marc:subfield>
        </marc:datafield>
        <marc:datafield tag="740" ind1=" " ind2=" ">
            <marc:subfield code="a">Sows Tail to Geordie</marc:subfield>
        </marc:datafield>
        <marc:datafield tag="740" ind1=" " ind2=" ">
            <marc:subfield code="a">Paddy Whack</marc:subfield>
        </marc:datafield>
        <marc:datafield tag="856" ind1=" " ind2=" ">
            <marc:subfield code="u">urn:nli:vtls000290306_1</marc:subfield>
            <marc:subfield code="u">urn:nli:vtls000290306_2</marc:subfield>
            <marc:subfield code="u">urn:nli:vtls000290306_3</marc:subfield>
            <marc:subfield code="u">urn:nli:vtls000290306_4</marc:subfield>
            <marc:subfield code="u">urn:nli:vtls000290306_5</marc:subfield>
            <marc:subfield code="u">urn:nli:vtls000290306_6</marc:subfield>
            <marc:subfield code="u">urn:nli:vtls000290306_7</marc:subfield>
            <marc:subfield code="u">urn:nli:vtls000290306_8</marc:subfield>
            <marc:subfield code="u">urn:nli:vtls000290306_9</marc:subfield>
            <marc:subfield code="u">urn:nli:vtls000290306_10</marc:subfield>
            <marc:subfield code="u">urn:nli:vtls000290306_11</marc:subfield>
            <marc:subfield code="u">urn:nli:vtls000290306_12</marc:subfield>
            <marc:subfield code="x">Image filenames as supplied to NAIC </marc:subfield>
        </marc:datafield>
        <marc:datafield tag="949" ind1=" " ind2=" ">
            <marc:subfield code="A">VIRTUAITEM</marc:subfield>
            <marc:subfield code="D">50000</marc:subfield>
            <marc:subfield code="X">23</marc:subfield>
            <marc:subfield code="6">290306</marc:subfield>
            <marc:subfield code="a">Add Mus 4946</marc:subfield>
        </marc:datafield>
        <marc:datafield tag="999" ind1=" " ind2=" ">
            <marc:subfield code="a">VIRTUA</marc:subfield>
        </marc:datafield>
        <marc:datafield tag="999" ind1=" " ind2=" ">
            <marc:subfield code="a">VTLSSORT0080*0400*0490*1000*2450*2600*3000*5000*5001*5002*5004*5003*6500*6501*6502*6503*6504*7400*7401*8560*9991</marc:subfield>
        </marc:datafield>
    </marc:record>