
    <marc:record>
        <marc:leader>01588ncm a2200289K  4500</marc:leader>
        <marc:controlfield tag="001">vtls000290307</marc:controlfield>
        <marc:controlfield tag="003">IeDuNL</marc:controlfield>
        <marc:controlfield tag="005">20101115150000.0</marc:controlfield>
        <marc:controlfield tag="008">101102s1828 enksga n eng d</marc:controlfield>
        <marc:datafield tag="039" ind1=" " ind2="9">
            <marc:subfield code="a">201011151500</marc:subfield>
            <marc:subfield code="b">bquigley</marc:subfield>
            <marc:subfield code="c">201011151459</marc:subfield>
            <marc:subfield code="d">bquigley</marc:subfield>
            <marc:subfield code="c">201011151456</marc:subfield>
            <marc:subfield code="d">bquigley</marc:subfield>
            <marc:subfield code="c">201011151448</marc:subfield>
            <marc:subfield code="d">bquigley</marc:subfield>
            <marc:subfield code="y">201011021339</marc:subfield>
            <marc:subfield code="z">bquigley</marc:subfield>
        </marc:datafield>
        <marc:datafield tag="040" ind1=" " ind2=" ">
            <marc:subfield code="a">IeDuNL</marc:subfield>
        </marc:datafield>
        <marc:datafield tag="049" ind1=" " ind2=" ">
            <marc:subfield code="a">N6IA</marc:subfield>
            <marc:subfield code="b">MU</marc:subfield>
        </marc:datafield>
        <marc:datafield tag="100" ind1="1" ind2=" ">
            <marc:subfield code="a">Cianchettini, Pio</marc:subfield>
            <marc:subfield code="q">(Pio),</marc:subfield>
            <marc:subfield code="d">1779-1851.</marc:subfield>
        </marc:datafield>
        <marc:datafield tag="240" ind1="0" ind2=" ">
            <marc:subfield code="a">Fantasias</marc:subfield>
            <marc:subfield code="m">Piano</marc:subfield>
        </marc:datafield>
        <marc:datafield tag="245" ind1="1" ind2="0">
            <marc:subfield code="a">Fantasia :</marc:subfield>
            <marc:subfield code="h">[music] /b for the piano forte on the favorite Irish airs
                Savournah Deelish and...</marc:subfield>
            <marc:subfield code="c">composed and dedicated to Mrs. Willis by Pio
            Cianchettini.</marc:subfield>
        </marc:datafield>
        <marc:datafield tag="260" ind1=" " ind2=" ">
            <marc:subfield code="a">Dublin: (7 Westmoreland St)</marc:subfield>
            <marc:subfield code="b">I. Willis Music Seller</marc:subfield>
            <marc:subfield code="c">[ca. 1820?].</marc:subfield>
        </marc:datafield>
        <marc:datafield tag="300" ind1=" " ind2=" ">
            <marc:subfield code="a">1 score (11 p.) ;</marc:subfield>
            <marc:subfield code="c">34cm.</marc:subfield>
        </marc:datafield>
        <marc:datafield tag="500" ind1=" " ind2=" ">
            <marc:subfield code="a">Cover title</marc:subfield>
        </marc:datafield>
        <marc:datafield tag="500" ind1=" " ind2=" ">
            <marc:subfield code="a">Back page: 'A catalogue of new and admired publications printed
                by I. Willis, No. 7 Westmoreland St. Dublin'</marc:subfield>
        </marc:datafield>
        <marc:datafield tag="500" ind1=" " ind2=" ">
            <marc:subfield code="a">Title of second air unknown</marc:subfield>
        </marc:datafield>
        <marc:datafield tag="650" ind1=" " ind2="0">
            <marc:subfield code="a">Piano music, Arranged</marc:subfield>
            <marc:subfield code="z">Ireland</marc:subfield>
            <marc:subfield code="y">19th century</marc:subfield>
        </marc:datafield>
        <marc:datafield tag="650" ind1=" " ind2="0">
            <marc:subfield code="a">Irish Airs, arranged</marc:subfield>
            <marc:subfield code="z">Ireland</marc:subfield>
            <marc:subfield code="y">19th century</marc:subfield>
        </marc:datafield>
        <marc:datafield tag="740" ind1=" " ind2=" ">
            <marc:subfield code="a">Savournah Deelish</marc:subfield>
        </marc:datafield>
        <marc:datafield tag="856" ind1=" " ind2=" ">
            <marc:subfield code="u">urn:nli:vtls000290307_1</marc:subfield>
            <marc:subfield code="u">urn:nli:vtls000290307_2</marc:subfield>
            <marc:subfield code="u">urn:nli:vtls000290307_3</marc:subfield>
            <marc:subfield code="u">urn:nli:vtls000290307_4</marc:subfield>
            <marc:subfield code="u">urn:nli:vtls000290307_5</marc:subfield>
            <marc:subfield code="u">urn:nli:vtls000290307_6</marc:subfield>
            <marc:subfield code="u">urn:nli:vtls000290307_7</marc:subfield>
            <marc:subfield code="u">urn:nli:vtls000290307_8</marc:subfield>
            <marc:subfield code="u">urn:nli:vtls000290307_9</marc:subfield>
            <marc:subfield code="u">urn:nli:vtls000290307_10</marc:subfield>
            <marc:subfield code="u">urn:nli:vtls000290307_11</marc:subfield>
            <marc:subfield code="x">Image filenames as supplied to NAIC </marc:subfield>
        </marc:datafield>
        <marc:datafield tag="949" ind1=" " ind2=" ">
            <marc:subfield code="A">VIRTUAITEM</marc:subfield>
            <marc:subfield code="D">50000</marc:subfield>
            <marc:subfield code="X">23</marc:subfield>
            <marc:subfield code="6">290307</marc:subfield>
            <marc:subfield code="a">Add Mus 6177</marc:subfield>
        </marc:datafield>
        <marc:datafield tag="999" ind1=" " ind2=" ">
            <marc:subfield code="a">VIRTUA</marc:subfield>
        </marc:datafield>
        <marc:datafield tag="999" ind1=" " ind2=" ">
            <marc:subfield code="a">VTLSSORT0080*0400*0490*1000*2400*2450*2600*3000*5000*5001*5002*6500*6501*7400*8560*9991</marc:subfield>
        </marc:datafield>
    </marc:record>