
    <marc:record>
        <marc:leader>01250ncm a2200265K  4500</marc:leader>
        <marc:controlfield tag="001">vtls000290319</marc:controlfield>
        <marc:controlfield tag="003">IeDuNL</marc:controlfield>
        <marc:controlfield tag="005">20101115151400.0</marc:controlfield>
        <marc:controlfield tag="008">101102s1828 enksga n eng d</marc:controlfield>
        <marc:datafield tag="039" ind1=" " ind2="9">
            <marc:subfield code="a">201011151514</marc:subfield>
            <marc:subfield code="b">bquigley</marc:subfield>
            <marc:subfield code="c">201011021608</marc:subfield>
            <marc:subfield code="d">bquigley</marc:subfield>
            <marc:subfield code="y">201011021546</marc:subfield>
            <marc:subfield code="z">bquigley</marc:subfield>
        </marc:datafield>
        <marc:datafield tag="040" ind1=" " ind2=" ">
            <marc:subfield code="a">IeDuNL</marc:subfield>
        </marc:datafield>
        <marc:datafield tag="049" ind1=" " ind2=" ">
            <marc:subfield code="a">N6IA</marc:subfield>
            <marc:subfield code="b">MU</marc:subfield>
        </marc:datafield>
        <marc:datafield tag="100" ind1="1" ind2=" ">
            <marc:subfield code="a">Conel, Charles T.</marc:subfield>
        </marc:datafield>
        <marc:datafield tag="245" ind1="1" ind2="0">
            <marc:subfield code="a">Erin's National Quadrilles :</marc:subfield>
            <marc:subfield code="h">[music] /b Op. 10, with a galoppe for the pianoforte</marc:subfield>
            <marc:subfield code="c">composed and respectfully inscribed to the Irish ladies by
                Charles T. Conel</marc:subfield>
        </marc:datafield>
        <marc:datafield tag="260" ind1=" " ind2=" ">
            <marc:subfield code="a">Dublin: (4 Westmoreland St)</marc:subfield>
            <marc:subfield code="b">M. Moses</marc:subfield>
            <marc:subfield code="c">[ca. 18--?].</marc:subfield>
        </marc:datafield>
        <marc:datafield tag="300" ind1=" " ind2=" ">
            <marc:subfield code="a">1 score (8 p.)</marc:subfield>
            <marc:subfield code="c">35cm.</marc:subfield>
        </marc:datafield>
        <marc:datafield tag="500" ind1=" " ind2=" ">
            <marc:subfield code="a">Cover title</marc:subfield>
        </marc:datafield>
        <marc:datafield tag="500" ind1=" " ind2=" ">
            <marc:subfield code="a">Op. 10</marc:subfield>
        </marc:datafield>
        <marc:datafield tag="505" ind1="0" ind2=" ">
            <marc:subfield code="a">La Pantalon -- L'Ete -- La Poule -- La Pastourelle -- La Finale
                -- Galoppe</marc:subfield>
        </marc:datafield>
        <marc:datafield tag="650" ind1=" " ind2="0">
            <marc:subfield code="a">Piano music, Arranged</marc:subfield>
            <marc:subfield code="z">Ireland</marc:subfield>
            <marc:subfield code="y">19th century</marc:subfield>
        </marc:datafield>
        <marc:datafield tag="650" ind1=" " ind2="0">
            <marc:subfield code="a">Quadrilles, arranged</marc:subfield>
            <marc:subfield code="z">Ireland</marc:subfield>
            <marc:subfield code="y">19th century</marc:subfield>
        </marc:datafield>
        <marc:datafield tag="856" ind1=" " ind2=" ">
            <marc:subfield code="u">urn:nli:vtls000290319_1</marc:subfield>
            <marc:subfield code="u">urn:nli:vtls000290319_2</marc:subfield>
            <marc:subfield code="u">urn:nli:vtls000290319_3</marc:subfield>
            <marc:subfield code="u">urn:nli:vtls000290319_4</marc:subfield>
            <marc:subfield code="u">urn:nli:vtls000290319_5</marc:subfield>
            <marc:subfield code="u">urn:nli:vtls000290319_6</marc:subfield>
            <marc:subfield code="x">Image filenames as supplied to NAIC </marc:subfield>
        </marc:datafield>
        <marc:datafield tag="949" ind1=" " ind2=" ">
            <marc:subfield code="A">VIRTUAITEM</marc:subfield>
            <marc:subfield code="D">50000</marc:subfield>
            <marc:subfield code="X">23</marc:subfield>
            <marc:subfield code="6">290319</marc:subfield>
            <marc:subfield code="a">Add Mus 9575</marc:subfield>
        </marc:datafield>
        <marc:datafield tag="999" ind1=" " ind2=" ">
            <marc:subfield code="a">VIRTUA</marc:subfield>
        </marc:datafield>
        <marc:datafield tag="999" ind1=" " ind2=" ">
            <marc:subfield code="a">VTLSSORT0080*0400*0490*1000*2450*2600*3000*5000*5001*5050*6500*6501*8560*9991</marc:subfield>
        </marc:datafield>
    </marc:record>