
    <marc:record>
        <marc:leader>02333ncm a2200385M  4500</marc:leader>
        <marc:controlfield tag="001">vtls000290351</marc:controlfield>
        <marc:controlfield tag="003">IeDuNL</marc:controlfield>
        <marc:controlfield tag="005">20101115151800.0</marc:controlfield>
        <marc:controlfield tag="008">101103s1842 enksta n eng d</marc:controlfield>
        <marc:datafield tag="039" ind1=" " ind2="9">
            <marc:subfield code="a">201011151518</marc:subfield>
            <marc:subfield code="b">bquigley</marc:subfield>
            <marc:subfield code="c">201011031641</marc:subfield>
            <marc:subfield code="d">bquigley</marc:subfield>
            <marc:subfield code="c">201011031600</marc:subfield>
            <marc:subfield code="d">bquigley</marc:subfield>
            <marc:subfield code="y">201011031558</marc:subfield>
            <marc:subfield code="z">bquigley</marc:subfield>
        </marc:datafield>
        <marc:datafield tag="040" ind1=" " ind2=" ">
            <marc:subfield code="a">IeDuNL</marc:subfield>
        </marc:datafield>
        <marc:datafield tag="049" ind1=" " ind2=" ">
            <marc:subfield code="a">N6IA</marc:subfield>
            <marc:subfield code="b">MU</marc:subfield>
        </marc:datafield>
        <marc:datafield tag="100" ind1="1" ind2=" ">
            <marc:subfield code="a">Czerny, Charles (Carl)</marc:subfield>
            <marc:subfield code="d">1791-1857</marc:subfield>
        </marc:datafield>
        <marc:datafield tag="240" ind1="0" ind2=" ">
            <marc:subfield code="a">Fantasias</marc:subfield>
            <marc:subfield code="m">Piano</marc:subfield>
        </marc:datafield>
        <marc:datafield tag="245" ind1="1" ind2="4">
            <marc:subfield code="a">Grand Brilliant Fantasia</marc:subfield>
            <marc:subfield code="h">[music]</marc:subfield>
            <marc:subfield code="b">Op. 468, in which are introduced Six Irish Melodies for two
                performers in one piano forte ;</marc:subfield>
            <marc:subfield code="c">composed and dedicated to the Misses Lind (late of Calcutta)by
                Charles Czerny</marc:subfield>
        </marc:datafield>
        <marc:datafield tag="260" ind1=" " ind2=" ">
            <marc:subfield code="a">London :</marc:subfield>
            <marc:subfield code="b">R. Cocks &amp; Co.</marc:subfield>
            <marc:subfield code="c">[1842]</marc:subfield>
        </marc:datafield>
        <marc:datafield tag="300" ind1=" " ind2=" ">
            <marc:subfield code="a">1 score (25 p.) ;</marc:subfield>
            <marc:subfield code="c">34cm.</marc:subfield>
        </marc:datafield>
        <marc:datafield tag="500" ind1=" " ind2=" ">
            <marc:subfield code="a">Cover title.</marc:subfield>
        </marc:datafield>
        <marc:datafield tag="500" ind1=" " ind2=" ">
            <marc:subfield code="a">Caption title, first page primo: 'N.B. This Fantasia may
                likewise be had as a single piece'</marc:subfield>
        </marc:datafield>
        <marc:datafield tag="650" ind1=" " ind2="0">
            <marc:subfield code="a">Piano music</marc:subfield>
            <marc:subfield code="z">England</marc:subfield>
            <marc:subfield code="y">19th century</marc:subfield>
            <marc:subfield code="v">Scores</marc:subfield>
            <marc:subfield code="x">Irish Airs</marc:subfield>
        </marc:datafield>
        <marc:datafield tag="650" ind1=" " ind2="0">
            <marc:subfield code="a">National Airs (Ireland)</marc:subfield>
            <marc:subfield code="y">19th century</marc:subfield>
        </marc:datafield>
        <marc:datafield tag="650" ind1=" " ind2="0">
            <marc:subfield code="a">Irish melodies</marc:subfield>
            <marc:subfield code="v">arrangements</marc:subfield>
            <marc:subfield code="y">19th century</marc:subfield>
        </marc:datafield>
        <marc:datafield tag="650" ind1=" " ind2="0">
            <marc:subfield code="a">Piano Duets</marc:subfield>
            <marc:subfield code="z">Ireland</marc:subfield>
            <marc:subfield code="y">19th century</marc:subfield>
        </marc:datafield>
        <marc:datafield tag="700" ind1="1" ind2="0">
            <marc:subfield code="a">Czerny, Charles</marc:subfield>
            <marc:subfield code="d">1791-1857</marc:subfield>
            <marc:subfield code="e">composer</marc:subfield>
        </marc:datafield>
        <marc:datafield tag="700" ind1="1" ind2="0">
            <marc:subfield code="a">Czerny, Carl</marc:subfield>
            <marc:subfield code="d">1791-1857</marc:subfield>
            <marc:subfield code="t">Piano music</marc:subfield>
            <marc:subfield code="n">Op. 468</marc:subfield>
        </marc:datafield>
        <marc:datafield tag="740" ind1="0" ind2=" ">
            <marc:subfield code="a">The Rose Tree in Full Bearing</marc:subfield>
        </marc:datafield>
        <marc:datafield tag="740" ind1="0" ind2=" ">
            <marc:subfield code="a">Kate of Coleraine</marc:subfield>
        </marc:datafield>
        <marc:datafield tag="740" ind1="0" ind2=" ">
            <marc:subfield code="a">Meeting of the Waters</marc:subfield>
        </marc:datafield>
        <marc:datafield tag="740" ind1="0" ind2=" ">
            <marc:subfield code="a">Coolun</marc:subfield>
        </marc:datafield>
        <marc:datafield tag="740" ind1="0" ind2=" ">
            <marc:subfield code="a">The Moreen</marc:subfield>
        </marc:datafield>
        <marc:datafield tag="740" ind1="0" ind2=" ">
            <marc:subfield code="a">Garry Owen</marc:subfield>
        </marc:datafield>
        <marc:datafield tag="856" ind1=" " ind2=" ">
            <marc:subfield code="u">urn:nli:vtls000290351_1</marc:subfield>
            <marc:subfield code="u">urn:nli:vtls000290351_2</marc:subfield>
            <marc:subfield code="u">urn:nli:vtls000290351_3</marc:subfield>
            <marc:subfield code="u">urn:nli:vtls000290351_4</marc:subfield>
            <marc:subfield code="u">urn:nli:vtls000290351_5</marc:subfield>
            <marc:subfield code="u">urn:nli:vtls000290351_6</marc:subfield>
            <marc:subfield code="u">urn:nli:vtls000290351_7</marc:subfield>
            <marc:subfield code="u">urn:nli:vtls000290351_8</marc:subfield>
            <marc:subfield code="u">urn:nli:vtls000290351_9</marc:subfield>
            <marc:subfield code="u">urn:nli:vtls000290351_10</marc:subfield>
            <marc:subfield code="u">urn:nli:vtls000290351_11</marc:subfield>
            <marc:subfield code="u">urn:nli:vtls000290351_12</marc:subfield>
            <marc:subfield code="u">urn:nli:vtls000290351_13</marc:subfield>
            <marc:subfield code="u">urn:nli:vtls000290351_14</marc:subfield>
            <marc:subfield code="u">urn:nli:vtls000290351_15</marc:subfield>
            <marc:subfield code="u">urn:nli:vtls000290351_16</marc:subfield>
            <marc:subfield code="u">urn:nli:vtls000290351_17</marc:subfield>
            <marc:subfield code="u">urn:nli:vtls000290351_18</marc:subfield>
            <marc:subfield code="u">urn:nli:vtls000290351_19</marc:subfield>
            <marc:subfield code="u">urn:nli:vtls000290351_20</marc:subfield>
            <marc:subfield code="u">urn:nli:vtls000290351_21</marc:subfield>
            <marc:subfield code="u">urn:nli:vtls000290351_22</marc:subfield>
            <marc:subfield code="u">urn:nli:vtls000290351_23</marc:subfield>
            <marc:subfield code="u">urn:nli:vtls000290351_24</marc:subfield>
            <marc:subfield code="u">urn:nli:vtls000290351_25</marc:subfield>
            <marc:subfield code="u">urn:nli:vtls000290351_26</marc:subfield>
            <marc:subfield code="x">Image filenames as supplied to NAIC </marc:subfield>
        </marc:datafield>
        <marc:datafield tag="949" ind1=" " ind2=" ">
            <marc:subfield code="A">VIRTUAITEM</marc:subfield>
            <marc:subfield code="D">50000</marc:subfield>
            <marc:subfield code="X">23</marc:subfield>
            <marc:subfield code="6">290351</marc:subfield>
            <marc:subfield code="a">Add Mus 4266</marc:subfield>
        </marc:datafield>
        <marc:datafield tag="999" ind1=" " ind2=" ">
            <marc:subfield code="a">VIRTUA</marc:subfield>
        </marc:datafield>
        <marc:datafield tag="999" ind1=" " ind2=" ">
            <marc:subfield code="a">VTLSSORT0080*0400*0490*1000*2400*2450*2600*3000*5000*5001*6500*6501*6502*6503*7000*7001*7400*7401*7402*7403*7404*7405*8560*9991</marc:subfield>
        </marc:datafield>
    </marc:record>