
    <marc:record>
        <marc:leader>01063ncm a22002415  4500</marc:leader>
        <marc:controlfield tag="001">vtls000290356</marc:controlfield>
        <marc:controlfield tag="003">IeDuNL</marc:controlfield>
        <marc:controlfield tag="005">20101115152300.0</marc:controlfield>
        <marc:controlfield tag="008">101103 </marc:controlfield>
        <marc:datafield tag="039" ind1=" " ind2="9">
            <marc:subfield code="a">201011151523</marc:subfield>
            <marc:subfield code="b">bquigley</marc:subfield>
            <marc:subfield code="y">201011031615</marc:subfield>
            <marc:subfield code="z">bquigley</marc:subfield>
        </marc:datafield>
        <marc:datafield tag="040" ind1=" " ind2=" ">
            <marc:subfield code="a">IeDuNL</marc:subfield>
        </marc:datafield>
        <marc:datafield tag="049" ind1=" " ind2=" ">
            <marc:subfield code="a">N6IA</marc:subfield>
            <marc:subfield code="b">MU</marc:subfield>
        </marc:datafield>
        <marc:datafield tag="100" ind1="1" ind2=" ">
            <marc:subfield code="a">Cooke, T. (Thomas)</marc:subfield>
            <marc:subfield code="d">1782-1848</marc:subfield>
        </marc:datafield>
        <marc:datafield tag="245" ind1="1" ind2="0">
            <marc:subfield code="a">The favourite national air of St. Patrick's Day</marc:subfield>
            <marc:subfield code="h">[music] :</marc:subfield>
            <marc:subfield code="b">as performed at the Theatre Royal Dublin, arranged as a Rondo
                for the Harp or Piano Forte</marc:subfield>
            <marc:subfield code="c">by T. Cooke.</marc:subfield>
        </marc:datafield>
        <marc:datafield tag="260" ind1=" " ind2=" ">
            <marc:subfield code="a">Dublin (No. 7 Westmorland Street) :</marc:subfield>
            <marc:subfield code="b">Goulding &amp; Co.,</marc:subfield>
            <marc:subfield code="c">[1800?]</marc:subfield>
        </marc:datafield>
        <marc:datafield tag="300" ind1=" " ind2=" ">
            <marc:subfield code="a">1 score [7] p.</marc:subfield>
            <marc:subfield code="c">32 cm</marc:subfield>
        </marc:datafield>
        <marc:datafield tag="500" ind1=" " ind2=" ">
            <marc:subfield code="a">Cover title.</marc:subfield>
        </marc:datafield>
        <marc:datafield tag="650" ind1=" " ind2="0">
            <marc:subfield code="a">Irish Airs, arranged</marc:subfield>
            <marc:subfield code="z">Ireland</marc:subfield>
            <marc:subfield code="y">19th century</marc:subfield>
        </marc:datafield>
        <marc:datafield tag="740" ind1=" " ind2=" ">
            <marc:subfield code="a">St. Patrick's Day</marc:subfield>
        </marc:datafield>
        <marc:datafield tag="856" ind1=" " ind2=" ">
            <marc:subfield code="u">urn:nli:vtls000290356_1</marc:subfield>
            <marc:subfield code="u">urn:nli:vtls000290356_2</marc:subfield>
            <marc:subfield code="u">urn:nli:vtls000290356_3</marc:subfield>
            <marc:subfield code="u">urn:nli:vtls000290356_4</marc:subfield>
            <marc:subfield code="u">urn:nli:vtls000290356_5</marc:subfield>
            <marc:subfield code="u">urn:nli:vtls000290356_6 </marc:subfield>
        </marc:datafield>
        <marc:datafield tag="949" ind1=" " ind2=" ">
            <marc:subfield code="A">VIRTUAITEM</marc:subfield>
            <marc:subfield code="D">50000</marc:subfield>
            <marc:subfield code="X">23</marc:subfield>
            <marc:subfield code="6">290356</marc:subfield>
            <marc:subfield code="a">Add Mus 5731</marc:subfield>
        </marc:datafield>
        <marc:datafield tag="999" ind1=" " ind2=" ">
            <marc:subfield code="a">VIRTUA</marc:subfield>
        </marc:datafield>
        <marc:datafield tag="999" ind1=" " ind2=" ">
            <marc:subfield code="a">VTLSSORT0080*0400*0490*1000*2450*2600*3000*5000*6500*7400*8560*9991</marc:subfield>
        </marc:datafield>
    </marc:record>