
    <marc:record>
        <marc:leader>01298ncm a22002655  4500</marc:leader>
        <marc:controlfield tag="001">vtls000290383</marc:controlfield>
        <marc:controlfield tag="003">IeDuNL</marc:controlfield>
        <marc:controlfield tag="005">20101115160200.0</marc:controlfield>
        <marc:controlfield tag="008">101104 </marc:controlfield>
        <marc:datafield tag="039" ind1=" " ind2="9">
            <marc:subfield code="a">201011151602</marc:subfield>
            <marc:subfield code="b">bquigley</marc:subfield>
            <marc:subfield code="c">201011041138</marc:subfield>
            <marc:subfield code="d">bquigley</marc:subfield>
            <marc:subfield code="c">201011041134</marc:subfield>
            <marc:subfield code="d">bquigley</marc:subfield>
            <marc:subfield code="c">201011041107</marc:subfield>
            <marc:subfield code="d">bquigley</marc:subfield>
            <marc:subfield code="y">201011041103</marc:subfield>
            <marc:subfield code="z">bquigley</marc:subfield>
        </marc:datafield>
        <marc:datafield tag="040" ind1=" " ind2=" ">
            <marc:subfield code="a">IeDuNL</marc:subfield>
        </marc:datafield>
        <marc:datafield tag="049" ind1=" " ind2=" ">
            <marc:subfield code="a">N6IA</marc:subfield>
            <marc:subfield code="b">MU</marc:subfield>
        </marc:datafield>
        <marc:datafield tag="100" ind1="1" ind2=" ">
            <marc:subfield code="a">Herz, Henri</marc:subfield>
            <marc:subfield code="d">1803-1888</marc:subfield>
        </marc:datafield>
        <marc:datafield tag="245" ind1="1" ind2="0">
            <marc:subfield code="a">An Irish melody</marc:subfield>
            <marc:subfield code="h">[music] :</marc:subfield>
            <marc:subfield code="b">Op. 71, No. 7, arranged as a Rondo for the piano forte and
                dedicated by express perCharlotteion to their royal highnesses, the Duchess of Kent and
                Princess Victoria</marc:subfield>
            <marc:subfield code="c">by Henri Herz</marc:subfield>
        </marc:datafield>
        <marc:datafield tag="260" ind1=" " ind2=" ">
            <marc:subfield code="a">London : (Soho Sq)</marc:subfield>
            <marc:subfield code="b">D'Almaine &amp; Co</marc:subfield>
            <marc:subfield code="c">[18?]</marc:subfield>
        </marc:datafield>
        <marc:datafield tag="300" ind1=" " ind2=" ">
            <marc:subfield code="a">1 score [7] p.</marc:subfield>
            <marc:subfield code="c">34 cm</marc:subfield>
        </marc:datafield>
        <marc:datafield tag="500" ind1=" " ind2=" ">
            <marc:subfield code="a">Cover title.</marc:subfield>
        </marc:datafield>
        <marc:datafield tag="500" ind1=" " ind2=" ">
            <marc:subfield code="a">Op. 71, No. 7</marc:subfield>
        </marc:datafield>
        <marc:datafield tag="650" ind1=" " ind2="0">
            <marc:subfield code="a">Irish Airs</marc:subfield>
            <marc:subfield code="z">Ireland</marc:subfield>
            <marc:subfield code="y">19th century</marc:subfield>
        </marc:datafield>
        <marc:datafield tag="650" ind1=" " ind2="0">
            <marc:subfield code="a">Rondos (Piano arrangement)</marc:subfield>
            <marc:subfield code="x">Scores</marc:subfield>
        </marc:datafield>
        <marc:datafield tag="740" ind1=" " ind2=" ">
            <marc:subfield code="a">The Groves of Blarney</marc:subfield>
        </marc:datafield>
        <marc:datafield tag="856" ind1=" " ind2=" ">
            <marc:subfield code="u">urn:nli:vtls000290383_1</marc:subfield>
            <marc:subfield code="u">urn:nli:vtls000290383_2</marc:subfield>
            <marc:subfield code="u">urn:nli:vtls000290383_3</marc:subfield>
            <marc:subfield code="u">urn:nli:vtls000290383_4</marc:subfield>
            <marc:subfield code="u">urn:nli:vtls000290383_5</marc:subfield>
            <marc:subfield code="u">urn:nli:vtls000290383_6</marc:subfield>
            <marc:subfield code="u">urn:nli:vtls000290383_7</marc:subfield>
            <marc:subfield code="x">Image filenames as supplied to NAIC </marc:subfield>
        </marc:datafield>
        <marc:datafield tag="949" ind1=" " ind2=" ">
            <marc:subfield code="A">VIRTUAITEM</marc:subfield>
            <marc:subfield code="D">50000</marc:subfield>
            <marc:subfield code="X">23</marc:subfield>
            <marc:subfield code="6">290383</marc:subfield>
            <marc:subfield code="a">Add Mus 12,431</marc:subfield>
        </marc:datafield>
        <marc:datafield tag="999" ind1=" " ind2=" ">
            <marc:subfield code="a">VIRTUA</marc:subfield>
        </marc:datafield>
        <marc:datafield tag="999" ind1=" " ind2=" ">
            <marc:subfield code="a">VTLSSORT0080*0400*0490*1000*2450*2600*3000*5000*5001*6500*6501*7400*8560*9991</marc:subfield>
        </marc:datafield>
    </marc:record>