
    <marc:record>
        <marc:leader>04026ncm a2200289Ia 4500</marc:leader>
        <marc:controlfield tag="001">vtls000290425</marc:controlfield>
        <marc:controlfield tag="003">IeDuNL</marc:controlfield>
        <marc:controlfield tag="005">20101115161100.0</marc:controlfield>
        <marc:controlfield tag="008">101104r20021877nyumuz n d</marc:controlfield>
        <marc:datafield tag="039" ind1=" " ind2="9">
            <marc:subfield code="a">201011151611</marc:subfield>
            <marc:subfield code="b">bquigley</marc:subfield>
            <marc:subfield code="c">201011151609</marc:subfield>
            <marc:subfield code="d">bquigley</marc:subfield>
            <marc:subfield code="c">201011041642</marc:subfield>
            <marc:subfield code="d">bquigley</marc:subfield>
            <marc:subfield code="y">201011041636</marc:subfield>
            <marc:subfield code="z">bquigley</marc:subfield>
        </marc:datafield>
        <marc:datafield tag="040" ind1=" " ind2=" ">
            <marc:subfield code="a">IeDuNL</marc:subfield>
        </marc:datafield>
        <marc:datafield tag="049" ind1=" " ind2=" ">
            <marc:subfield code="a">N6IA</marc:subfield>
            <marc:subfield code="b">MU</marc:subfield>
        </marc:datafield>
        <marc:datafield tag="100" ind1="1" ind2=" ">
            <marc:subfield code="a">Holden, Smollet</marc:subfield>
            <marc:subfield code="d">[d.1813]</marc:subfield>
        </marc:datafield>
        <marc:datafield tag="245" ind1="1" ind2="0">
            <marc:subfield code="a">A Collection of Favorite Irish Airs</marc:subfield>
            <marc:subfield code="h">[music] :</marc:subfield>
            <marc:subfield code="b">arranged for the Harp or pianoforte /</marc:subfield>
            <marc:subfield code="c">by S. Holden</marc:subfield>
        </marc:datafield>
        <marc:datafield tag="260" ind1=" " ind2=" ">
            <marc:subfield code="a">Dublin (4 Westmoreland St) :</marc:subfield>
            <marc:subfield code="b">W. Power,</marc:subfield>
            <marc:subfield code="c">1810.</marc:subfield>
        </marc:datafield>
        <marc:datafield tag="300" ind1=" " ind2=" ">
            <marc:subfield code="a">1 score (38 p.) ;</marc:subfield>
            <marc:subfield code="c">32 cm.</marc:subfield>
        </marc:datafield>
        <marc:datafield tag="500" ind1=" " ind2=" ">
            <marc:subfield code="a">Cover title displaying image of Harp and ruin of
            church</marc:subfield>
        </marc:datafield>
        <marc:datafield tag="500" ind1=" " ind2=" ">
            <marc:subfield code="a">Includes index</marc:subfield>
        </marc:datafield>
        <marc:datafield tag="505" ind1="0" ind2=" ">
            <marc:subfield code="a">Index -- Cossey's Jigg -- Noreenkeesta -- Irish Trott -- Pither
                in Enugh -- The Merry Dancers -- The Figure of Three -- Irish Lilt -- Lary Grogan --
                Humours of Panteen -- Paddy the Piper -- The Priest in his Boots -- Morning Brush --
                Behind the bush in the Garden -- Tady's Wattle -- The Night Cap -- Miners of Wicklow
                --Lacrum Cush -- The Old Had in the Corner -- Over the Water -- Bucks of Westmeath
                -- Rocks of Cashell -- The Dream -- Jig Whack -- Humours of Listivain -- Cummilum --
                Bryan O'Neill -- Jackson's Turret -- Bouner Bouger -- The Kerry Jig -- The Maids in
                the Morning -- The Bottle of Claret -- The Major -- The morning Star -- Jackson's
                Chickens Hornpipe -- Shillinaguira -- Rakes of Mallow, with variations -- Blarney
                Castle -- The Oak Stick -- Kinegad Slashers -- Drops of Drink -- Morgan Ratler --
                The Peacock -- Jigg -- The Washerwoman -- The Groves of Blarney -- Moll in the Wind
                -- Planxty Connor -- Kateleen Treeol -- Mullowney's Jigg -- Susheen Bawn -- She is
                the girl that can do it -- Whacker awaul awee -- Welcome Home -- Drimindoo -- The
                Piper's Maggot -- Arah my dear Ev'leen -- Norah Creenagh -- The Cruskeen Lawn --
                What call have you to me Ned -- Philip McCue -- Carolan's Receipt -- Round the world
                for sport -- The Chorus Jigg -- Money in both pockets -- Gudeshin Denteshin -- Drunk
                at Night and Dry in the Morning -- Port Patrick -- An Irish Dump -- Yellow Stockings
                -- The Hermit of Killarney -- Irish Dance -- Old Langolee -- Bigg Bow Wow -- Coolun
                with variations -- The Hare in the corn -- Aleen Aroon -- Baltioura -- The Irish
                girl milking her cow -- Paddy Whack -- The Cooleen Bawn -- Rakes of Kilkenny --
                Pastheen Fuen -- Gramachree is a sup of good Drink -- Lango -- Paddy O'Rafferty with
                Variations -- Garrione -- Patricks Day -- One Bottle More -- Savournah Deelish --
                Bottle of Punch -- Off She Goes -- Captain O Kean -- Paddy the Weaver -- Skiver the
                Quilt</marc:subfield>
        </marc:datafield>
        <marc:datafield tag="650" ind1=" " ind2="0">
            <marc:subfield code="a">Folk songs, Irish</marc:subfield>
            <marc:subfield code="z">Ireland</marc:subfield>
            <marc:subfield code="v">Instrumental settings.</marc:subfield>
        </marc:datafield>
        <marc:datafield tag="650" ind1=" " ind2="0">
            <marc:subfield code="a">Folk music, Ireland</marc:subfield>
        </marc:datafield>
        <marc:datafield tag="650" ind1=" " ind2="0">
            <marc:subfield code="a">Dance music</marc:subfield>
            <marc:subfield code="z">Ireland</marc:subfield>
            <marc:subfield code="y">19th century.</marc:subfield>
        </marc:datafield>
        <marc:datafield tag="650" ind1=" " ind2="0">
            <marc:subfield code="a">Piano music</marc:subfield>
            <marc:subfield code="z">Ireland</marc:subfield>
            <marc:subfield code="y">19th century</marc:subfield>
        </marc:datafield>
        <marc:datafield tag="856" ind1=" " ind2=" ">
            <marc:subfield code="u">urn:nli:vtls000290425_1</marc:subfield>
            <marc:subfield code="u">urn:nli:vtls000290425_2</marc:subfield>
            <marc:subfield code="u">urn:nli:vtls000290425_3</marc:subfield>
            <marc:subfield code="u">urn:nli:vtls000290425_4</marc:subfield>
            <marc:subfield code="u">urn:nli:vtls000290425_5</marc:subfield>
            <marc:subfield code="u">urn:nli:vtls000290425_6</marc:subfield>
            <marc:subfield code="u">urn:nli:vtls000290425_7</marc:subfield>
            <marc:subfield code="u">urn:nli:vtls000290425_8</marc:subfield>
            <marc:subfield code="u">urn:nli:vtls000290425_9</marc:subfield>
            <marc:subfield code="u">urn:nli:vtls000290425_10</marc:subfield>
            <marc:subfield code="u">urn:nli:vtls000290425_11</marc:subfield>
            <marc:subfield code="u">urn:nli:vtls000290425_12</marc:subfield>
            <marc:subfield code="u">urn:nli:vtls000290425_13</marc:subfield>
            <marc:subfield code="u">urn:nli:vtls000290425_14</marc:subfield>
            <marc:subfield code="u">urn:nli:vtls000290425_15</marc:subfield>
            <marc:subfield code="u">urn:nli:vtls000290425_16</marc:subfield>
            <marc:subfield code="u">urn:nli:vtls000290425_17</marc:subfield>
            <marc:subfield code="u">urn:nli:vtls000290425_18</marc:subfield>
            <marc:subfield code="u">urn:nli:vtls000290425_19</marc:subfield>
            <marc:subfield code="u">urn:nli:vtls000290425_20</marc:subfield>
            <marc:subfield code="u">urn:nli:vtls000290425_21</marc:subfield>
            <marc:subfield code="u">urn:nli:vtls000290425_22</marc:subfield>
            <marc:subfield code="u">urn:nli:vtls000290425_23</marc:subfield>
            <marc:subfield code="u">urn:nli:vtls000290425_24</marc:subfield>
            <marc:subfield code="u">urn:nli:vtls000290425_25</marc:subfield>
            <marc:subfield code="u">urn:nli:vtls000290425_26</marc:subfield>
            <marc:subfield code="u">urn:nli:vtls000290425_27</marc:subfield>
            <marc:subfield code="u">urn:nli:vtls000290425_28</marc:subfield>
            <marc:subfield code="u">urn:nli:vtls000290425_29</marc:subfield>
            <marc:subfield code="u">urn:nli:vtls000290425_30</marc:subfield>
            <marc:subfield code="u">urn:nli:vtls000290425_31</marc:subfield>
            <marc:subfield code="u">urn:nli:vtls000290425_32</marc:subfield>
            <marc:subfield code="u">urn:nli:vtls000290425_33</marc:subfield>
            <marc:subfield code="u">urn:nli:vtls000290425_34</marc:subfield>
            <marc:subfield code="u">urn:nli:vtls000290425_35</marc:subfield>
            <marc:subfield code="u">urn:nli:vtls000290425_36</marc:subfield>
            <marc:subfield code="u">urn:nli:vtls000290425_37</marc:subfield>
            <marc:subfield code="u">urn:nli:vtls000290425_38</marc:subfield>
            <marc:subfield code="x">Image filenames as supplied to NAIC </marc:subfield>
        </marc:datafield>
        <marc:datafield tag="949" ind1=" " ind2=" ">
            <marc:subfield code="A">VIRTUAITEM</marc:subfield>
            <marc:subfield code="D">50000</marc:subfield>
            <marc:subfield code="X">23</marc:subfield>
            <marc:subfield code="6">290425</marc:subfield>
            <marc:subfield code="a">Add Mus 6619</marc:subfield>
        </marc:datafield>
        <marc:datafield tag="999" ind1=" " ind2=" ">
            <marc:subfield code="a">VIRTUA</marc:subfield>
        </marc:datafield>
        <marc:datafield tag="999" ind1=" " ind2=" ">
            <marc:subfield code="a">VTLSSORT0080*0400*0490*1000*2450*2600*3000*5000*5001*5050*6500*6501*6502*6503*8560*9991</marc:subfield>
        </marc:datafield>
    </marc:record>