
    <marc:record>
        <marc:leader>01878ncm a2200289Mi 4500</marc:leader>
        <marc:controlfield tag="001">vtls000290469</marc:controlfield>
        <marc:controlfield tag="003">IeDuNL</marc:controlfield>
        <marc:controlfield tag="005">20101118154200.0</marc:controlfield>
        <marc:controlfield tag="008">101105s1821 enk n und d</marc:controlfield>
        <marc:datafield tag="035" ind1=" " ind2=" ">
            <marc:subfield code="a">(OCoLC)254273372</marc:subfield>
        </marc:datafield>
        <marc:datafield tag="039" ind1=" " ind2="9">
            <marc:subfield code="a">201011181542</marc:subfield>
            <marc:subfield code="b">bquigley</marc:subfield>
            <marc:subfield code="c">201011171800</marc:subfield>
            <marc:subfield code="d">bquigley</marc:subfield>
            <marc:subfield code="c">201011171736</marc:subfield>
            <marc:subfield code="d">bquigley</marc:subfield>
            <marc:subfield code="c">201011171730</marc:subfield>
            <marc:subfield code="d">bquigley</marc:subfield>
            <marc:subfield code="y">201011051443</marc:subfield>
            <marc:subfield code="z">bquigley</marc:subfield>
        </marc:datafield>
        <marc:datafield tag="040" ind1=" " ind2=" ">
            <marc:subfield code="a">IeDuNL</marc:subfield>
        </marc:datafield>
        <marc:datafield tag="049" ind1=" " ind2=" ">
            <marc:subfield code="a">N6IA</marc:subfield>
            <marc:subfield code="b">MU</marc:subfield>
        </marc:datafield>
        <marc:datafield tag="100" ind1="1" ind2=" ">
            <marc:subfield code="a">Kalkbrenner, Friedrich</marc:subfield>
            <marc:subfield code="d">1785-1849.</marc:subfield>
        </marc:datafield>
        <marc:datafield tag="245" ind1="1" ind2="0">
            <marc:subfield code="a">Fantaisie for the pianoforte</marc:subfield>
            <marc:subfield code="h">[music]</marc:subfield>
            <marc:subfield code="b">in wich is introduced the favorite air of Robin Adair with
                variations</marc:subfield>
            <marc:subfield code="c">composed and respectfully dedicated to the Honble Miss Burrell.
                by F. Kalkbrenner.</marc:subfield>
        </marc:datafield>
        <marc:datafield tag="260" ind1=" " ind2=" ">
            <marc:subfield code="a">London :</marc:subfield>
            <marc:subfield code="b">Lavenu,</marc:subfield>
            <marc:subfield code="c">[ca. 1821?].</marc:subfield>
        </marc:datafield>
        <marc:datafield tag="300" ind1=" " ind2=" ">
            <marc:subfield code="a">1 score (20p)</marc:subfield>
            <marc:subfield code="c">33cm</marc:subfield>
        </marc:datafield>
        <marc:datafield tag="500" ind1=" " ind2=" ">
            <marc:subfield code="a">Cover title</marc:subfield>
        </marc:datafield>
        <marc:datafield tag="500" ind1=" " ind2=" ">
            <marc:subfield code="a">At foot of cover title: 'Sold by I Willis...Goulding &amp;
                Co, No. 7 Westmoreland st; also sold by James &amp; Patrick Corbett's Music
                Ware-House, Limerick</marc:subfield>
        </marc:datafield>
        <marc:datafield tag="650" ind1=" " ind2="0">
            <marc:subfield code="a">Irish Airs, arranged</marc:subfield>
            <marc:subfield code="z">Ireland</marc:subfield>
            <marc:subfield code="y">19th century</marc:subfield>
        </marc:datafield>
        <marc:datafield tag="650" ind1=" " ind2="0">
            <marc:subfield code="a">Piano music, arranged</marc:subfield>
            <marc:subfield code="z">England</marc:subfield>
            <marc:subfield code="y">19th century</marc:subfield>
        </marc:datafield>
        <marc:datafield tag="700" ind1="0" ind2=" ">
            <marc:subfield code="a">Kalkbrenner, Frédéric,</marc:subfield>
            <marc:subfield code="d">1785-1884</marc:subfield>
        </marc:datafield>
        <marc:datafield tag="740" ind1=" " ind2=" ">
            <marc:subfield code="a">Robin Adair</marc:subfield>
        </marc:datafield>
        <marc:datafield tag="856" ind1=" " ind2=" ">
            <marc:subfield code="u">urn:nli:vtls000290469_1</marc:subfield>
            <marc:subfield code="u">urn:nli:vtls000290469_2</marc:subfield>
            <marc:subfield code="u">urn:nli:vtls000290469_3</marc:subfield>
            <marc:subfield code="u">urn:nli:vtls000290469_4</marc:subfield>
            <marc:subfield code="u">urn:nli:vtls000290469_5</marc:subfield>
            <marc:subfield code="u">urn:nli:vtls000290469_6</marc:subfield>
            <marc:subfield code="u">urn:nli:vtls000290469_7</marc:subfield>
            <marc:subfield code="u">urn:nli:vtls000290469_8</marc:subfield>
            <marc:subfield code="u">urn:nli:vtls000290469_9</marc:subfield>
            <marc:subfield code="u">urn:nli:vtls000290469_10</marc:subfield>
            <marc:subfield code="u">urn:nli:vtls000290469_11</marc:subfield>
            <marc:subfield code="u">urn:nli:vtls000290469_12</marc:subfield>
            <marc:subfield code="u">urn:nli:vtls000290469_13</marc:subfield>
            <marc:subfield code="u">urn:nli:vtls000290469_14</marc:subfield>
            <marc:subfield code="u">urn:nli:vtls000290469_15</marc:subfield>
            <marc:subfield code="u">urn:nli:vtls000290469_16</marc:subfield>
            <marc:subfield code="u">urn:nli:vtls000290469_17</marc:subfield>
            <marc:subfield code="u">urn:nli:vtls000290469_18</marc:subfield>
            <marc:subfield code="u">urn:nli:vtls000290469_19</marc:subfield>
            <marc:subfield code="u">urn:nli:vtls000290469_20 Image filenames as supplied to NAIC
            </marc:subfield>
        </marc:datafield>
        <marc:datafield tag="949" ind1=" " ind2=" ">
            <marc:subfield code="A">VIRTUAITEM</marc:subfield>
            <marc:subfield code="D">50000</marc:subfield>
            <marc:subfield code="X">23</marc:subfield>
            <marc:subfield code="6">290469</marc:subfield>
            <marc:subfield code="a">Add Mus 6178</marc:subfield>
        </marc:datafield>
        <marc:datafield tag="999" ind1=" " ind2=" ">
            <marc:subfield code="a">VIRTUA</marc:subfield>
        </marc:datafield>
        <marc:datafield tag="999" ind1=" " ind2=" ">
            <marc:subfield code="a">VTLSSORT0080*0400*0350*0490*1000*2450*2600*3000*5000*5001*6500*6501*7000*7400*8560*9991</marc:subfield>
        </marc:datafield>
    </marc:record>