
    <marc:record>
        <marc:leader>01384ccm a2200313Ma 4500</marc:leader>
        <marc:controlfield tag="001">vtls000290454</marc:controlfield>
        <marc:controlfield tag="003">IeDuNL</marc:controlfield>
        <marc:controlfield tag="005">20101115162200.0</marc:controlfield>
        <marc:controlfield tag="008">101105s1823 enkvrz n u zxx </marc:controlfield>
        <marc:datafield tag="035" ind1=" " ind2=" ">
            <marc:subfield code="a">(OCoLC)ocn463711977</marc:subfield>
        </marc:datafield>
        <marc:datafield tag="039" ind1=" " ind2="9">
            <marc:subfield code="a">201011151622</marc:subfield>
            <marc:subfield code="b">bquigley</marc:subfield>
            <marc:subfield code="y">201011051039</marc:subfield>
            <marc:subfield code="z">bquigley</marc:subfield>
        </marc:datafield>
        <marc:datafield tag="040" ind1=" " ind2=" ">
            <marc:subfield code="a">IeDuNL</marc:subfield>
        </marc:datafield>
        <marc:datafield tag="049" ind1=" " ind2=" ">
            <marc:subfield code="a">N6IA</marc:subfield>
            <marc:subfield code="b">MU</marc:subfield>
        </marc:datafield>
        <marc:datafield tag="082" ind1="0" ind2="4">
            <marc:subfield code="a">786.21825</marc:subfield>
            <marc:subfield code="2">22</marc:subfield>
        </marc:datafield>
        <marc:datafield tag="100" ind1="1" ind2=" ">
            <marc:subfield code="a">Kiallmark, George,</marc:subfield>
            <marc:subfield code="d">1781-1835.</marc:subfield>
        </marc:datafield>
        <marc:datafield tag="245" ind1="1" ind2="2">
            <marc:subfield code="a">A favorite Irish melody</marc:subfield>
            <marc:subfield code="h">[music] :</marc:subfield>
            <marc:subfield code="b">with an introduction &amp; variations, for the piano forte
                ... /</marc:subfield>
            <marc:subfield code="c">by G. Kiallmark.</marc:subfield>
        </marc:datafield>
        <marc:datafield tag="246" ind1="3" ind2="7">
            <marc:subfield code="a">Irish melody (Kiallmark)</marc:subfield>
        </marc:datafield>
        <marc:datafield tag="260" ind1=" " ind2=" ">
            <marc:subfield code="a">London :</marc:subfield>
            <marc:subfield code="b">printed by Goulding, D'Almaine &amp; Co.,</marc:subfield>
            <marc:subfield code="c">[1820]</marc:subfield>
        </marc:datafield>
        <marc:datafield tag="300" ind1=" " ind2=" ">
            <marc:subfield code="a">9 p. of music ;</marc:subfield>
            <marc:subfield code="c">33 cm.</marc:subfield>
        </marc:datafield>
        <marc:datafield tag="500" ind1=" " ind2=" ">
            <marc:subfield code="a">Cover title.</marc:subfield>
        </marc:datafield>
        <marc:datafield tag="500" ind1=" " ind2=" ">
            <marc:subfield code="a">"Composed for &amp; dedicated to Miss A.
                Egan".</marc:subfield>
        </marc:datafield>
        <marc:datafield tag="500" ind1=" " ind2=" ">
            <marc:subfield code="a">Watermark p. 9: 1820.</marc:subfield>
            <marc:subfield code="5">NLI</marc:subfield>
        </marc:datafield>
        <marc:datafield tag="650" ind1=" " ind2="0">
            <marc:subfield code="a">Variations (Piano)</marc:subfield>
        </marc:datafield>
        <marc:datafield tag="700" ind1="0" ind2=" ">
            <marc:subfield code="a">Moore, Thomas</marc:subfield>
            <marc:subfield code="d">1779-1852.</marc:subfield>
        </marc:datafield>
        <marc:datafield tag="740" ind1=" " ind2=" ">
            <marc:subfield code="a">Last Rose of Summer</marc:subfield>
        </marc:datafield>
        <marc:datafield tag="856" ind1=" " ind2=" ">
            <marc:subfield code="u">urn:nli:vtls000290454_1</marc:subfield>
            <marc:subfield code="u">urn:nli:vtls000290454_2</marc:subfield>
            <marc:subfield code="u">urn:nli:vtls000290454_3</marc:subfield>
            <marc:subfield code="u">urn:nli:vtls000290454_4</marc:subfield>
            <marc:subfield code="u">urn:nli:vtls000290454_5</marc:subfield>
            <marc:subfield code="u">urn:nli:vtls000290454_6</marc:subfield>
            <marc:subfield code="u">urn:nli:vtls000290454_7</marc:subfield>
            <marc:subfield code="u">urn:nli:vtls000290454_8</marc:subfield>
            <marc:subfield code="u">urn:nli:vtls000290454_9</marc:subfield>
            <marc:subfield code="x">Image filenames as supplied to NAIC </marc:subfield>
        </marc:datafield>
        <marc:datafield tag="949" ind1=" " ind2=" ">
            <marc:subfield code="A">VIRTUAITEM</marc:subfield>
            <marc:subfield code="D">50000</marc:subfield>
            <marc:subfield code="X">23</marc:subfield>
            <marc:subfield code="6">290454</marc:subfield>
            <marc:subfield code="a">Add Mus 5245</marc:subfield>
        </marc:datafield>
        <marc:datafield tag="999" ind1=" " ind2=" ">
            <marc:subfield code="a">VIRTUA</marc:subfield>
        </marc:datafield>
        <marc:datafield tag="999" ind1=" " ind2=" ">
            <marc:subfield code="a">VTLSSORT0080*0350*0400*0820*0490*1000*2450*2460*2600*3000*5000*5001*5002*6500*7000*7400*8560*9991</marc:subfield>
        </marc:datafield>
    </marc:record>