
    <marc:record>
        <marc:leader>01366ccm a2200289Ma 4500</marc:leader>
        <marc:controlfield tag="001">vtls000290529</marc:controlfield>
        <marc:controlfield tag="003">IeDuNL</marc:controlfield>
        <marc:controlfield tag="005">20101115162500.0</marc:controlfield>
        <marc:controlfield tag="008">101108q18201829fr vrz n zxx d</marc:controlfield>
        <marc:datafield tag="035" ind1=" " ind2=" ">
            <marc:subfield code="a">(OCoLC)ocm29581142</marc:subfield>
        </marc:datafield>
        <marc:datafield tag="039" ind1=" " ind2="9">
            <marc:subfield code="a">201011151625</marc:subfield>
            <marc:subfield code="b">bquigley</marc:subfield>
            <marc:subfield code="c">201011081613</marc:subfield>
            <marc:subfield code="d">bquigley</marc:subfield>
            <marc:subfield code="c">201011081610</marc:subfield>
            <marc:subfield code="d">bquigley</marc:subfield>
            <marc:subfield code="c">201011081605</marc:subfield>
            <marc:subfield code="d">bquigley</marc:subfield>
            <marc:subfield code="y">201011081555</marc:subfield>
            <marc:subfield code="z">bquigley</marc:subfield>
        </marc:datafield>
        <marc:datafield tag="040" ind1=" " ind2=" ">
            <marc:subfield code="a">IeDuNL</marc:subfield>
        </marc:datafield>
        <marc:datafield tag="049" ind1=" " ind2=" ">
            <marc:subfield code="a">N6IA</marc:subfield>
            <marc:subfield code="b">MU</marc:subfield>
        </marc:datafield>
        <marc:datafield tag="100" ind1="1" ind2=" ">
            <marc:subfield code="a">Latour, Francis Tatton</marc:subfield>
        </marc:datafield>
        <marc:datafield tag="245" ind1="1" ind2="0">
            <marc:subfield code="a">Gary Owen :</marc:subfield>
            <marc:subfield code="b">a favorite dance, performed by Mr Weippert at the Theatre Royal
                Drury Lane in the new pantomime of Harlequin Amulet. Arranged as a rondo for the
                P-forte or Harp by Mr Latour. /</marc:subfield>
            <marc:subfield code="c">compose par T. Latour.</marc:subfield>
        </marc:datafield>
        <marc:datafield tag="260" ind1=" " ind2=" ">
            <marc:subfield code="a">Dublin (College Green) :</marc:subfield>
            <marc:subfield code="b">Hime,</marc:subfield>
            <marc:subfield code="c">[18-?]</marc:subfield>
        </marc:datafield>
        <marc:datafield tag="300" ind1=" " ind2=" ">
            <marc:subfield code="a">1 score, 15 p. ;</marc:subfield>
            <marc:subfield code="c">33 cm.</marc:subfield>
        </marc:datafield>
        <marc:datafield tag="500" ind1=" " ind2=" ">
            <marc:subfield code="a">Cover title</marc:subfield>
        </marc:datafield>
        <marc:datafield tag="500" ind1=" " ind2=" ">
            <marc:subfield code="a">Published by Hime at his musical circulating library (No.
            34)</marc:subfield>
        </marc:datafield>
        <marc:datafield tag="650" ind1=" " ind2="0">
            <marc:subfield code="a">Piano music, Arranged</marc:subfield>
            <marc:subfield code="z">Ireland</marc:subfield>
            <marc:subfield code="y">19th century</marc:subfield>
        </marc:datafield>
        <marc:datafield tag="650" ind1=" " ind2="0">
            <marc:subfield code="a">Dance music</marc:subfield>
            <marc:subfield code="v">Rondos</marc:subfield>
            <marc:subfield code="z">Ireland</marc:subfield>
            <marc:subfield code="y">19th century</marc:subfield>
        </marc:datafield>
        <marc:datafield tag="650" ind1=" " ind2="0">
            <marc:subfield code="a">Pantomime /z Ireland</marc:subfield>
            <marc:subfield code="y">19th century</marc:subfield>
        </marc:datafield>
        <marc:datafield tag="740" ind1="0" ind2="1">
            <marc:subfield code="a">Harlequin Amulet</marc:subfield>
        </marc:datafield>
        <marc:datafield tag="856" ind1=" " ind2=" ">
            <marc:subfield code="u">urn:nli:vtls000290529_1</marc:subfield>
            <marc:subfield code="u">urn:nli:vtls000290529_2</marc:subfield>
            <marc:subfield code="u">urn:nli:vtls000290529_3</marc:subfield>
            <marc:subfield code="x">Image filenames as supplied to NAIC </marc:subfield>
        </marc:datafield>
        <marc:datafield tag="949" ind1=" " ind2=" ">
            <marc:subfield code="A">VIRTUAITEM</marc:subfield>
            <marc:subfield code="D">50000</marc:subfield>
            <marc:subfield code="X">23</marc:subfield>
            <marc:subfield code="6">290529</marc:subfield>
            <marc:subfield code="a">Add Mus 7024</marc:subfield>
        </marc:datafield>
        <marc:datafield tag="999" ind1=" " ind2=" ">
            <marc:subfield code="a">VIRTUA</marc:subfield>
        </marc:datafield>
        <marc:datafield tag="999" ind1=" " ind2=" ">
            <marc:subfield code="a">VTLSSORT0080*0350*0400*0490*1000*2450*2600*3000*5000*5001*6500*6501*6502*7400*8560*9991</marc:subfield>
        </marc:datafield>
    </marc:record>