
    <marc:record>
        <marc:leader>02171ccm a2200313Ma 4500</marc:leader>
        <marc:controlfield tag="001">vtls000291408</marc:controlfield>
        <marc:controlfield tag="003">IeDuNL</marc:controlfield>
        <marc:controlfield tag="005">20101115162900.0</marc:controlfield>
        <marc:controlfield tag="008">101108s1810 ie fmz n zxx d</marc:controlfield>
        <marc:datafield tag="039" ind1=" " ind2="9">
            <marc:subfield code="a">201011151629</marc:subfield>
            <marc:subfield code="b">bquigley</marc:subfield>
            <marc:subfield code="c">201011151627</marc:subfield>
            <marc:subfield code="d">bquigley</marc:subfield>
            <marc:subfield code="c">201011081633</marc:subfield>
            <marc:subfield code="d">bquigley</marc:subfield>
            <marc:subfield code="c">201011081631</marc:subfield>
            <marc:subfield code="d">bquigley</marc:subfield>
            <marc:subfield code="y">201005150640</marc:subfield>
            <marc:subfield code="z">VLOAD</marc:subfield>
        </marc:datafield>
        <marc:datafield tag="040" ind1=" " ind2=" ">
            <marc:subfield code="a">IeDuNL</marc:subfield>
        </marc:datafield>
        <marc:datafield tag="049" ind1=" " ind2=" ">
            <marc:subfield code="a">N6IA</marc:subfield>
            <marc:subfield code="b">MU</marc:subfield>
        </marc:datafield>
        <marc:datafield tag="100" ind1="1" ind2=" ">
            <marc:subfield code="a">Logier, Johann Bernhard,</marc:subfield>
            <marc:subfield code="d">d. 1846.</marc:subfield>
        </marc:datafield>
        <marc:datafield tag="245" ind1="1" ind2="0">
            <marc:subfield code="a">Strains of other days. :</marc:subfield>
            <marc:subfield code="b">Being a selection of favorite Irish airs /</marc:subfield>
            <marc:subfield code="c">arranged for the piano forte and dedicated to the Irish Harp
                Societies by J.B. Logier.</marc:subfield>
        </marc:datafield>
        <marc:datafield tag="260" ind1=" " ind2=" ">
            <marc:subfield code="a">Dublin :</marc:subfield>
            <marc:subfield code="b">Published at J.B. Logiers, music saloon ...,</marc:subfield>
            <marc:subfield code="c">[ca. 1810]</marc:subfield>
        </marc:datafield>
        <marc:datafield tag="300" ind1=" " ind2=" ">
            <marc:subfield code="a">3 scores, 20p ;</marc:subfield>
            <marc:subfield code="c">32cm</marc:subfield>
        </marc:datafield>
        <marc:datafield tag="500" ind1=" " ind2=" ">
            <marc:subfield code="a">Elaborate instrumental settings of Irish airs, some with
                variations.</marc:subfield>
        </marc:datafield>
        <marc:datafield tag="500" ind1=" " ind2=" ">
            <marc:subfield code="a">Foot of cover title: 'Sweet was the Harp in the Days of Old,
                sweet was the tale the harper's told'</marc:subfield>
        </marc:datafield>
        <marc:datafield tag="500" ind1=" " ind2=" ">
            <marc:subfield code="a">Each no. has separate ill. t.p.</marc:subfield>
        </marc:datafield>
        <marc:datafield tag="505" ind1="0" ind2=" ">
            <marc:subfield code="a">No. 1. Bard's legacy -- No. 2. Gramacree. Maid of Derby O -- No.
                3. The young man's dream. Planxty Kelly -</marc:subfield>
        </marc:datafield>
        <marc:datafield tag="650" ind1=" " ind2="0">
            <marc:subfield code="a">Folk songs, Ireland</marc:subfield>
            <marc:subfield code="v">Instrumental settings.</marc:subfield>
        </marc:datafield>
        <marc:datafield tag="650" ind1=" " ind2="0">
            <marc:subfield code="a">Piano music, Arranged.</marc:subfield>
        </marc:datafield>
        <marc:datafield tag="700" ind1="1" ind2=" ">
            <marc:subfield code="a">Logier, Johann Bernhard,</marc:subfield>
            <marc:subfield code="d">d. 1846,</marc:subfield>
            <marc:subfield code="e">publisher.</marc:subfield>
        </marc:datafield>
        <marc:datafield tag="752" ind1=" " ind2=" ">
            <marc:subfield code="a">Ireland</marc:subfield>
            <marc:subfield code="d">Dublin.</marc:subfield>
        </marc:datafield>
        <marc:datafield tag="856" ind1=" " ind2=" ">
            <marc:subfield code="u">urn:nli:vtls000291408_1</marc:subfield>
            <marc:subfield code="u">urn:nli:vtls000291408_2</marc:subfield>
            <marc:subfield code="u">urn:nli:vtls000291408_3</marc:subfield>
            <marc:subfield code="u">urn:nli:vtls000291408_4</marc:subfield>
            <marc:subfield code="u">urn:nli:vtls000291408_5</marc:subfield>
            <marc:subfield code="u">urn:nli:vtls000291408_6</marc:subfield>
            <marc:subfield code="u">urn:nli:vtls000291408_7</marc:subfield>
            <marc:subfield code="u">urn:nli:vtls000291408_8</marc:subfield>
            <marc:subfield code="u">urn:nli:vtls000291408_9</marc:subfield>
            <marc:subfield code="u">urn:nli:vtls000291408_10</marc:subfield>
            <marc:subfield code="u">urn:nli:vtls000291408_11</marc:subfield>
            <marc:subfield code="u">urn:nli:vtls000291408_12</marc:subfield>
            <marc:subfield code="u">urn:nli:vtls000291408_13</marc:subfield>
            <marc:subfield code="u">urn:nli:vtls000291408_14</marc:subfield>
            <marc:subfield code="u">urn:nli:vtls000291408_15</marc:subfield>
            <marc:subfield code="u">urn:nli:vtls000291408_16</marc:subfield>
            <marc:subfield code="u">urn:nli:vtls000291408_17</marc:subfield>
            <marc:subfield code="u">urn:nli:vtls000291408_18</marc:subfield>
            <marc:subfield code="u">urn:nli:vtls000291408_19</marc:subfield>
            <marc:subfield code="u">urn:nli:vtls000291408_20</marc:subfield>
            <marc:subfield code="u">urn:nli:vtls000291408_21</marc:subfield>
            <marc:subfield code="u">urn:nli:vtls000291408_22</marc:subfield>
            <marc:subfield code="u">urn:nli:vtls000291408_23</marc:subfield>
            <marc:subfield code="x">Image filenames as supplied to NAIC </marc:subfield>
        </marc:datafield>
        <marc:datafield tag="949" ind1=" " ind2=" ">
            <marc:subfield code="A">VIRTUAITEM</marc:subfield>
            <marc:subfield code="D">50000</marc:subfield>
            <marc:subfield code="F">1</marc:subfield>
            <marc:subfield code="X">23</marc:subfield>
            <marc:subfield code="6">34444100802271</marc:subfield>
            <marc:subfield code="a">MU-sb-628</marc:subfield>
            <marc:subfield code="o">ITEM TYPE : mu</marc:subfield>
        </marc:datafield>
        <marc:datafield tag="949" ind1=" " ind2=" ">
            <marc:subfield code="A">VIRTUAITEM</marc:subfield>
            <marc:subfield code="D">50000</marc:subfield>
            <marc:subfield code="X">23</marc:subfield>
            <marc:subfield code="6">147630</marc:subfield>
            <marc:subfield code="a">Add Mus 10,907</marc:subfield>
        </marc:datafield>
        <marc:datafield tag="999" ind1=" " ind2=" ">
            <marc:subfield code="a">VIRTUA</marc:subfield>
        </marc:datafield>
        <marc:datafield tag="999" ind1=" " ind2=" ">
            <marc:subfield code="a">VTLSSORT0080*0400*0490*1000*2450*2600*3000*5000*5001*5002*5050*6500*6501*7000*7520*8560*9991</marc:subfield>
        </marc:datafield>
    </marc:record>