
    <marc:record>
        <marc:leader>01149ncm a2200265Ma 4500</marc:leader>
        <marc:controlfield tag="001">vtls000290486</marc:controlfield>
        <marc:controlfield tag="003">IeDuNL</marc:controlfield>
        <marc:controlfield tag="005">20101115163800.0</marc:controlfield>
        <marc:controlfield tag="008">101105q18uuuuuuie fma n d</marc:controlfield>
        <marc:datafield tag="039" ind1=" " ind2="9">
            <marc:subfield code="a">201011151638</marc:subfield>
            <marc:subfield code="b">bquigley</marc:subfield>
            <marc:subfield code="y">201011051622</marc:subfield>
            <marc:subfield code="z">bquigley</marc:subfield>
        </marc:datafield>
        <marc:datafield tag="040" ind1=" " ind2=" ">
            <marc:subfield code="a">IeDuNL</marc:subfield>
        </marc:datafield>
        <marc:datafield tag="049" ind1=" " ind2=" ">
            <marc:subfield code="a">N6IA</marc:subfield>
            <marc:subfield code="b">MU</marc:subfield>
        </marc:datafield>
        <marc:datafield tag="100" ind1="1" ind2=" ">
            <marc:subfield code="a">Logier, Johann Bernhard,</marc:subfield>
            <marc:subfield code="d">1777-1846.</marc:subfield>
        </marc:datafield>
        <marc:datafield tag="240" ind1="0" ind2=" ">
            <marc:subfield code="a">Rondos</marc:subfield>
            <marc:subfield code="m">piano</marc:subfield>
        </marc:datafield>
        <marc:datafield tag="245" ind1="1" ind2="0">
            <marc:subfield code="a">Lays of Erin</marc:subfield>
            <marc:subfield code="h">[music]</marc:subfield>
            <marc:subfield code="b">(No. 1) selected and arranged as rondos for the pianoforte</marc:subfield>
            <marc:subfield code="c">by the most eminent composers</marc:subfield>
        </marc:datafield>
        <marc:datafield tag="260" ind1=" " ind2=" ">
            <marc:subfield code="a">Dublin : (4 Westmoreland St)</marc:subfield>
            <marc:subfield code="b">W. Power</marc:subfield>
            <marc:subfield code="a">London :</marc:subfield>
            <marc:subfield code="b">J. Power</marc:subfield>
            <marc:subfield code="c">[18-?].</marc:subfield>
        </marc:datafield>
        <marc:datafield tag="300" ind1=" " ind2=" ">
            <marc:subfield code="a">1 score (6 p. );</marc:subfield>
            <marc:subfield code="c">33cm.</marc:subfield>
        </marc:datafield>
        <marc:datafield tag="500" ind1=" " ind2=" ">
            <marc:subfield code="a">Cover title</marc:subfield>
        </marc:datafield>
        <marc:datafield tag="500" ind1=" " ind2=" ">
            <marc:subfield code="a">Lays of Erin No. 1</marc:subfield>
        </marc:datafield>
        <marc:datafield tag="650" ind1=" " ind2="0">
            <marc:subfield code="a">Folk songs</marc:subfield>
            <marc:subfield code="v">Arrangements</marc:subfield>
            <marc:subfield code="z">Ireland</marc:subfield>
            <marc:subfield code="v">Instrumental settings.</marc:subfield>
        </marc:datafield>
        <marc:datafield tag="740" ind1=" " ind2=" ">
            <marc:subfield code="a">St. Patrick's Day</marc:subfield>
        </marc:datafield>
        <marc:datafield tag="856" ind1=" " ind2=" ">
            <marc:subfield code="u">urn:nli:vtls000290486_1</marc:subfield>
            <marc:subfield code="u">urn:nli:vtls000290486_2</marc:subfield>
            <marc:subfield code="u">urn:nli:vtls000290486_3</marc:subfield>
            <marc:subfield code="u">urn:nli:vtls000290486_4</marc:subfield>
            <marc:subfield code="u">urn:nli:vtls000290486_5</marc:subfield>
            <marc:subfield code="u">urn:nli:vtls000290486_6</marc:subfield>
            <marc:subfield code="x">Image filenames as supplied to NAIC </marc:subfield>
        </marc:datafield>
        <marc:datafield tag="949" ind1=" " ind2=" ">
            <marc:subfield code="A">VIRTUAITEM</marc:subfield>
            <marc:subfield code="D">50000</marc:subfield>
            <marc:subfield code="X">23</marc:subfield>
            <marc:subfield code="6">290486</marc:subfield>
            <marc:subfield code="a">JM 4729</marc:subfield>
        </marc:datafield>
        <marc:datafield tag="999" ind1=" " ind2=" ">
            <marc:subfield code="a">VIRTUA</marc:subfield>
        </marc:datafield>
        <marc:datafield tag="999" ind1=" " ind2=" ">
            <marc:subfield code="a">VTLSSORT0080*0400*0490*1000*2400*2450*2600*3000*5000*5001*6500*7400*8560*9991</marc:subfield>
        </marc:datafield>
    </marc:record>