
    <marc:record>
        <marc:leader>01370ncm a2200277Ma 4500</marc:leader>
        <marc:controlfield tag="001">vtls000290503</marc:controlfield>
        <marc:controlfield tag="003">IeDuNL</marc:controlfield>
        <marc:controlfield tag="005">20101118154500.0</marc:controlfield>
        <marc:controlfield tag="008">101108q18uuuuuuie fma n d</marc:controlfield>
        <marc:datafield tag="039" ind1=" " ind2="9">
            <marc:subfield code="a">201011181545</marc:subfield>
            <marc:subfield code="b">bquigley</marc:subfield>
            <marc:subfield code="c">201011171759</marc:subfield>
            <marc:subfield code="d">staff</marc:subfield>
            <marc:subfield code="c">201011171758</marc:subfield>
            <marc:subfield code="d">staff</marc:subfield>
            <marc:subfield code="c">201011171756</marc:subfield>
            <marc:subfield code="d">staff</marc:subfield>
            <marc:subfield code="y">201011080934</marc:subfield>
            <marc:subfield code="z">bquigley</marc:subfield>
        </marc:datafield>
        <marc:datafield tag="049" ind1=" " ind2=" ">
            <marc:subfield code="a">N6IA</marc:subfield>
            <marc:subfield code="b">MU</marc:subfield>
        </marc:datafield>
        <marc:datafield tag="100" ind1="1" ind2=" ">
            <marc:subfield code="a">Lynch, John P.</marc:subfield>
        </marc:datafield>
        <marc:datafield tag="245" ind1="1" ind2="0">
            <marc:subfield code="a">An Tincer</marc:subfield>
            <marc:subfield code="h">[music]</marc:subfield>
            <marc:subfield code="b">[Op. 14] A favorite Irish air, arranged with an introduction and
                variations for the pianoforte, composed &amp; respectfully dedicated to Mrs.
                Col. Grogan</marc:subfield>
            <marc:subfield code="c">by I.P. Lynch</marc:subfield>
        </marc:datafield>
        <marc:datafield tag="260" ind1=" " ind2=" ">
            <marc:subfield code="a">Dublin (4 Westmoreland St ) :</marc:subfield>
            <marc:subfield code="b">W. Power$c[18-?].</marc:subfield>
        </marc:datafield>
        <marc:datafield tag="300" ind1=" " ind2=" ">
            <marc:subfield code="a">1 score (8 p. )</marc:subfield>
            <marc:subfield code="c">34cm.</marc:subfield>
        </marc:datafield>
        <marc:datafield tag="500" ind1=" " ind2=" ">
            <marc:subfield code="a">Cover title</marc:subfield>
        </marc:datafield>
        <marc:datafield tag="500" ind1=" " ind2=" ">
            <marc:subfield code="a">Cover title displays publisher's stamp</marc:subfield>
        </marc:datafield>
        <marc:datafield tag="500" ind1=" " ind2=" ">
            <marc:subfield code="a">Authors Initials mis-spelt?</marc:subfield>
        </marc:datafield>
        <marc:datafield tag="500" ind1=" " ind2=" ">
            <marc:subfield code="a">Op. 14</marc:subfield>
        </marc:datafield>
        <marc:datafield tag="650" ind1=" " ind2="0">
            <marc:subfield code="a">Folk songs</marc:subfield>
            <marc:subfield code="v">Arrangements</marc:subfield>
            <marc:subfield code="z">Ireland</marc:subfield>
            <marc:subfield code="y">19th century.</marc:subfield>
        </marc:datafield>
        <marc:datafield tag="650" ind1=" " ind2="0">
            <marc:subfield code="a">Piano music</marc:subfield>
            <marc:subfield code="v">arranged</marc:subfield>
            <marc:subfield code="z">Ireland</marc:subfield>
        </marc:datafield>
        <marc:datafield tag="650" ind1=" " ind2="0">
            <marc:subfield code="a">Variations (piano)</marc:subfield>
            <marc:subfield code="z">Ireland</marc:subfield>
        </marc:datafield>
        <marc:datafield tag="856" ind1=" " ind2=" ">
            <marc:subfield code="u">urn:nli:vtls000290503_1</marc:subfield>
            <marc:subfield code="u">urn:nli:vtls000290503_2</marc:subfield>
            <marc:subfield code="u">urn:nli:vtls000290503_3</marc:subfield>
            <marc:subfield code="u">urn:nli:vtls000290503_4</marc:subfield>
            <marc:subfield code="u">urn:nli:vtls000290503_5</marc:subfield>
            <marc:subfield code="u">urn:nli:vtls000290503_6</marc:subfield>
            <marc:subfield code="u">urn:nli:vtls000290503_7</marc:subfield>
            <marc:subfield code="u">urn:nli:vtls000290503_8 Image filenames as supplied to NAIC
            </marc:subfield>
        </marc:datafield>
        <marc:datafield tag="949" ind1=" " ind2=" ">
            <marc:subfield code="A">VIRTUAITEM</marc:subfield>
            <marc:subfield code="D">50000</marc:subfield>
            <marc:subfield code="X">23</marc:subfield>
            <marc:subfield code="a">JM 4733</marc:subfield>
        </marc:datafield>
        <marc:datafield tag="999" ind1=" " ind2=" ">
            <marc:subfield code="a">VIRTUA</marc:subfield>
        </marc:datafield>
        <marc:datafield tag="999" ind1=" " ind2=" ">
            <marc:subfield code="a">VTLSSORT0080*0490*1000*2450*2600*3000*5000*5001*5002*5003*6500*6501*6502*8560*9991</marc:subfield>
        </marc:datafield>
    </marc:record>