
    <marc:record>
        <marc:leader>01323ncm a2200289Ma 4500</marc:leader>
        <marc:controlfield tag="001">vtls000290505</marc:controlfield>
        <marc:controlfield tag="003">IeDuNL</marc:controlfield>
        <marc:controlfield tag="005">20101117170000.0</marc:controlfield>
        <marc:controlfield tag="008">101108q18uuuuuuie fma n d</marc:controlfield>
        <marc:datafield tag="039" ind1=" " ind2="9">
            <marc:subfield code="a">201011171700</marc:subfield>
            <marc:subfield code="b">staff</marc:subfield>
            <marc:subfield code="c">201011161054</marc:subfield>
            <marc:subfield code="d">bquigley</marc:subfield>
            <marc:subfield code="c">201011161053</marc:subfield>
            <marc:subfield code="d">bquigley</marc:subfield>
            <marc:subfield code="y">201011081042</marc:subfield>
            <marc:subfield code="z">bquigley</marc:subfield>
        </marc:datafield>
        <marc:datafield tag="040" ind1=" " ind2=" ">
            <marc:subfield code="a">IeDuNL</marc:subfield>
        </marc:datafield>
        <marc:datafield tag="049" ind1=" " ind2=" ">
            <marc:subfield code="a">N6IA</marc:subfield>
            <marc:subfield code="b">MU</marc:subfield>
        </marc:datafield>
        <marc:datafield tag="100" ind1="1" ind2=" ">
            <marc:subfield code="a">Lynch, John P.</marc:subfield>
        </marc:datafield>
        <marc:datafield tag="245" ind1="1" ind2="0">
            <marc:subfield code="a">The Moon Beam</marc:subfield>
            <marc:subfield code="h">[music]</marc:subfield>
            <marc:subfield code="b">a celebrated Irish melody, with variations for the pianoforte,
                composed &amp; inscribed to Miss Mahon (Mount Pleasant, Co. Mayo)</marc:subfield>
            <marc:subfield code="c">by I.P. Lynch</marc:subfield>
        </marc:datafield>
        <marc:datafield tag="260" ind1=" " ind2=" ">
            <marc:subfield code="a">Dublin : (10 Bachelor's Walk)</marc:subfield>
            <marc:subfield code="b">J. MacLean</marc:subfield>
            <marc:subfield code="c">[18-?].</marc:subfield>
        </marc:datafield>
        <marc:datafield tag="300" ind1=" " ind2=" ">
            <marc:subfield code="a">1 score (6 p. );</marc:subfield>
            <marc:subfield code="c">34cm.</marc:subfield>
        </marc:datafield>
        <marc:datafield tag="500" ind1=" " ind2=" ">
            <marc:subfield code="a">Cover title</marc:subfield>
        </marc:datafield>
        <marc:datafield tag="500" ind1=" " ind2=" ">
            <marc:subfield code="a">Cover title displays publisher's stamp</marc:subfield>
        </marc:datafield>
        <marc:datafield tag="500" ind1=" " ind2=" ">
            <marc:subfield code="a">Authors Initials mis-spelt?</marc:subfield>
        </marc:datafield>
        <marc:datafield tag="500" ind1=" " ind2=" ">
            <marc:subfield code="a">Op. 22</marc:subfield>
        </marc:datafield>
        <marc:datafield tag="650" ind1=" " ind2="0">
            <marc:subfield code="a">Folk songs, Ireland</marc:subfield>
            <marc:subfield code="v">Arrangements</marc:subfield>
            <marc:subfield code="y">19th century.</marc:subfield>
        </marc:datafield>
        <marc:datafield tag="650" ind1=" " ind2="0">
            <marc:subfield code="a">Piano music</marc:subfield>
            <marc:subfield code="v">arranged</marc:subfield>
            <marc:subfield code="z">Ireland</marc:subfield>
        </marc:datafield>
        <marc:datafield tag="650" ind1=" " ind2="0">
            <marc:subfield code="a">Variations (piano)</marc:subfield>
            <marc:subfield code="z">Ireland</marc:subfield>
        </marc:datafield>
        <marc:datafield tag="856" ind1=" " ind2=" ">
            <marc:subfield code="u">urn:nli:vtls000290505_1</marc:subfield>
            <marc:subfield code="u">urn:nli:vtls000290505_2</marc:subfield>
            <marc:subfield code="u">urn:nli:vtls000290505_3</marc:subfield>
            <marc:subfield code="u">urn:nli:vtls000290505_4</marc:subfield>
            <marc:subfield code="u">urn:nli:vtls000290505_5</marc:subfield>
            <marc:subfield code="u">urn:nli:vtls000290505_6</marc:subfield>
            <marc:subfield code="x">Image filenames as supplied to NAIC </marc:subfield>
        </marc:datafield>
        <marc:datafield tag="949" ind1=" " ind2=" ">
            <marc:subfield code="A">VIRTUAITEM</marc:subfield>
            <marc:subfield code="D">50000</marc:subfield>
            <marc:subfield code="X">23</marc:subfield>
            <marc:subfield code="6">290505</marc:subfield>
            <marc:subfield code="a">JM 4734</marc:subfield>
        </marc:datafield>
        <marc:datafield tag="999" ind1=" " ind2=" ">
            <marc:subfield code="a">VIRTUA</marc:subfield>
        </marc:datafield>
        <marc:datafield tag="999" ind1=" " ind2=" ">
            <marc:subfield code="a">VTLSSORT0080*0400*0490*1000*2450*2600*3000*5000*5001*5002*5003*6500*6501*6502*8560*9991</marc:subfield>
        </marc:datafield>
    </marc:record>