
    <marc:record>
        <marc:leader>01267ncm a2200265Ma 4500</marc:leader>
        <marc:controlfield tag="001">vtls000290506</marc:controlfield>
        <marc:controlfield tag="003">IeDuNL</marc:controlfield>
        <marc:controlfield tag="005">20101116105900.0</marc:controlfield>
        <marc:controlfield tag="008">101108q18uuuuuuie fma n d</marc:controlfield>
        <marc:datafield tag="039" ind1=" " ind2="9">
            <marc:subfield code="a">201011161059</marc:subfield>
            <marc:subfield code="b">bquigley</marc:subfield>
            <marc:subfield code="y">201011081058</marc:subfield>
            <marc:subfield code="z">bquigley</marc:subfield>
        </marc:datafield>
        <marc:datafield tag="040" ind1=" " ind2=" ">
            <marc:subfield code="a">IeDuNL</marc:subfield>
        </marc:datafield>
        <marc:datafield tag="049" ind1=" " ind2=" ">
            <marc:subfield code="a">N6IA</marc:subfield>
            <marc:subfield code="b">MU</marc:subfield>
        </marc:datafield>
        <marc:datafield tag="100" ind1="1" ind2=" ">
            <marc:subfield code="a">McDonnell, Garret</marc:subfield>
        </marc:datafield>
        <marc:datafield tag="245" ind1="1" ind2="0">
            <marc:subfield code="a">The celebrated Irish Air of Kitty of Coleraine</marc:subfield>
            <marc:subfield code="h">[music]</marc:subfield>
            <marc:subfield code="b">as performed by the author at Madame Booms private concerts,
                arranged wtih variations for the pianoforte and dedicated to his pupils by</marc:subfield>
            <marc:subfield code="c">Garret McDonnell</marc:subfield>
        </marc:datafield>
        <marc:datafield tag="260" ind1=" " ind2=" ">
            <marc:subfield code="a">Dublin (10 Dame St ):</marc:subfield>
            <marc:subfield code="b">P. Alday</marc:subfield>
            <marc:subfield code="c">[18-?].</marc:subfield>
        </marc:datafield>
        <marc:datafield tag="300" ind1=" " ind2=" ">
            <marc:subfield code="a">1 score (8 p. );</marc:subfield>
            <marc:subfield code="c">34cm.</marc:subfield>
        </marc:datafield>
        <marc:datafield tag="500" ind1=" " ind2=" ">
            <marc:subfield code="a">Cover title</marc:subfield>
        </marc:datafield>
        <marc:datafield tag="650" ind1=" " ind2="0">
            <marc:subfield code="a">Folk songs, Ireland</marc:subfield>
            <marc:subfield code="v">Arrangements</marc:subfield>
            <marc:subfield code="y">19th century.</marc:subfield>
        </marc:datafield>
        <marc:datafield tag="650" ind1=" " ind2="0">
            <marc:subfield code="a">Piano music</marc:subfield>
            <marc:subfield code="v">arranged</marc:subfield>
            <marc:subfield code="z">Ireland</marc:subfield>
        </marc:datafield>
        <marc:datafield tag="650" ind1=" " ind2="0">
            <marc:subfield code="a">Variations (piano)</marc:subfield>
            <marc:subfield code="z">Ireland</marc:subfield>
        </marc:datafield>
        <marc:datafield tag="740" ind1=" " ind2=" ">
            <marc:subfield code="a">Kitty of Coleraine</marc:subfield>
        </marc:datafield>
        <marc:datafield tag="856" ind1=" " ind2=" ">
            <marc:subfield code="u">urn:nli:vtls000290506_1</marc:subfield>
            <marc:subfield code="u">urn:nli:vtls000290506_2</marc:subfield>
            <marc:subfield code="u">urn:nli:vtls000290506_3</marc:subfield>
            <marc:subfield code="u">urn:nli:vtls000290506_4</marc:subfield>
            <marc:subfield code="u">urn:nli:vtls000290506_5</marc:subfield>
            <marc:subfield code="u">urn:nli:vtls000290506_6</marc:subfield>
            <marc:subfield code="u">urn:nli:vtls000290506_7</marc:subfield>
            <marc:subfield code="u">urn:nli:vtls000290506_8</marc:subfield>
            <marc:subfield code="x">Image filenames as supplied to NAIC </marc:subfield>
        </marc:datafield>
        <marc:datafield tag="949" ind1=" " ind2=" ">
            <marc:subfield code="A">VIRTUAITEM</marc:subfield>
            <marc:subfield code="D">50000</marc:subfield>
            <marc:subfield code="X">23</marc:subfield>
            <marc:subfield code="6">290506</marc:subfield>
            <marc:subfield code="a">JM 4735</marc:subfield>
        </marc:datafield>
        <marc:datafield tag="999" ind1=" " ind2=" ">
            <marc:subfield code="a">VIRTUA</marc:subfield>
        </marc:datafield>
        <marc:datafield tag="999" ind1=" " ind2=" ">
            <marc:subfield code="a">VTLSSORT0080*0400*0490*1000*2450*2600*3000*5000*6500*6501*6502*7400*8560*9991</marc:subfield>
        </marc:datafield>
    </marc:record>