
    <marc:record>
        <marc:leader>01470ncm a2200277Ma 4500</marc:leader>
        <marc:controlfield tag="001">vtls000290508</marc:controlfield>
        <marc:controlfield tag="003">IeDuNL</marc:controlfield>
        <marc:controlfield tag="005">20101116110500.0</marc:controlfield>
        <marc:controlfield tag="008">101108q18uuuuuuie fma n d</marc:controlfield>
        <marc:datafield tag="039" ind1=" " ind2="9">
            <marc:subfield code="a">201011161105</marc:subfield>
            <marc:subfield code="b">bquigley</marc:subfield>
            <marc:subfield code="c">201011161104</marc:subfield>
            <marc:subfield code="d">bquigley</marc:subfield>
            <marc:subfield code="c">201011161103</marc:subfield>
            <marc:subfield code="d">bquigley</marc:subfield>
            <marc:subfield code="y">201011081128</marc:subfield>
            <marc:subfield code="z">bquigley</marc:subfield>
        </marc:datafield>
        <marc:datafield tag="040" ind1=" " ind2=" ">
            <marc:subfield code="a">IeDuNL</marc:subfield>
        </marc:datafield>
        <marc:datafield tag="049" ind1=" " ind2=" ">
            <marc:subfield code="a">N6IA</marc:subfield>
            <marc:subfield code="b">MU</marc:subfield>
        </marc:datafield>
        <marc:datafield tag="100" ind1="1" ind2=" ">
            <marc:subfield code="a">Monro, John</marc:subfield>
            <marc:subfield code="d">1786-1851</marc:subfield>
        </marc:datafield>
        <marc:datafield tag="245" ind1="1" ind2="0">
            <marc:subfield code="a">Hibernia</marc:subfield>
            <marc:subfield code="h">[music]</marc:subfield>
            <marc:subfield code="b">No. 3, a new medley divertimento composed of Irish melodies
                arranged in a familiar style for the use of young practitioners on the piano forte</marc:subfield>
            <marc:subfield code="c">by J. Monro</marc:subfield>
        </marc:datafield>
        <marc:datafield tag="260" ind1=" " ind2=" ">
            <marc:subfield code="a">London (60 Skinner St):</marc:subfield>
            <marc:subfield code="b">J. Monro</marc:subfield>
            <marc:subfield code="a">Dublin (4 Westmoreland St ):</marc:subfield>
            <marc:subfield code="b">W. Power</marc:subfield>
            <marc:subfield code="c">[18-?].</marc:subfield>
        </marc:datafield>
        <marc:datafield tag="300" ind1=" " ind2=" ">
            <marc:subfield code="a">1 score (8 p. );</marc:subfield>
            <marc:subfield code="c">34cm.</marc:subfield>
        </marc:datafield>
        <marc:datafield tag="500" ind1=" " ind2=" ">
            <marc:subfield code="a">Cover title</marc:subfield>
        </marc:datafield>
        <marc:datafield tag="500" ind1=" " ind2=" ">
            <marc:subfield code="a">Cover title displays publisher's stamp</marc:subfield>
        </marc:datafield>
        <marc:datafield tag="500" ind1=" " ind2=" ">
            <marc:subfield code="a">Back cover displays 'List of musical publications printed and
                sold by J. Monro...'</marc:subfield>
        </marc:datafield>
        <marc:datafield tag="650" ind1=" " ind2="0">
            <marc:subfield code="a">Folk songs, Ireland</marc:subfield>
            <marc:subfield code="v">Arrangements</marc:subfield>
            <marc:subfield code="y">19th century.</marc:subfield>
        </marc:datafield>
        <marc:datafield tag="650" ind1=" " ind2="0">
            <marc:subfield code="a">Piano music</marc:subfield>
            <marc:subfield code="v">arranged</marc:subfield>
            <marc:subfield code="z">Ireland</marc:subfield>
            <marc:subfield code="y">19th century</marc:subfield>
        </marc:datafield>
        <marc:datafield tag="650" ind1=" " ind2="0">
            <marc:subfield code="a">Divertimentos (piano)</marc:subfield>
            <marc:subfield code="z">Ireland</marc:subfield>
        </marc:datafield>
        <marc:datafield tag="856" ind1=" " ind2=" ">
            <marc:subfield code="u">urn:nli:vtls000290508_1</marc:subfield>
            <marc:subfield code="u">urn:nli:vtls000290508_2</marc:subfield>
            <marc:subfield code="u">urn:nli:vtls000290508_3</marc:subfield>
            <marc:subfield code="u">urn:nli:vtls000290508_4</marc:subfield>
            <marc:subfield code="u">urn:nli:vtls000290508_5</marc:subfield>
            <marc:subfield code="u">urn:nli:vtls000290508_6</marc:subfield>
            <marc:subfield code="u">urn:nli:vtls000290508_7</marc:subfield>
            <marc:subfield code="u">urn:nli:vtls000290508_8</marc:subfield>
            <marc:subfield code="x">Image filenames as supplied to NAIC </marc:subfield>
        </marc:datafield>
        <marc:datafield tag="949" ind1=" " ind2=" ">
            <marc:subfield code="A">VIRTUAITEM</marc:subfield>
            <marc:subfield code="D">50000</marc:subfield>
            <marc:subfield code="X">23</marc:subfield>
            <marc:subfield code="6">290508</marc:subfield>
            <marc:subfield code="a">JM 4737</marc:subfield>
        </marc:datafield>
        <marc:datafield tag="999" ind1=" " ind2=" ">
            <marc:subfield code="a">VIRTUA</marc:subfield>
        </marc:datafield>
        <marc:datafield tag="999" ind1=" " ind2=" ">
            <marc:subfield code="a">VTLSSORT0080*0400*0490*1000*2450*2600*3000*5000*5001*5002*6500*6501*6502*8560*9991</marc:subfield>
        </marc:datafield>
    </marc:record>