
    <marc:record>
        <marc:leader>01313ccm a2200289La 4500</marc:leader>
        <marc:controlfield tag="001">vtls000290627</marc:controlfield>
        <marc:controlfield tag="003">IeDuNL</marc:controlfield>
        <marc:controlfield tag="005">20101116111300.0</marc:controlfield>
        <marc:controlfield tag="008">101110s1818 nyuvrz n zxx d</marc:controlfield>
        <marc:datafield tag="039" ind1=" " ind2="9">
            <marc:subfield code="a">201011161113</marc:subfield>
            <marc:subfield code="b">bquigley</marc:subfield>
            <marc:subfield code="c">201011161112</marc:subfield>
            <marc:subfield code="d">bquigley</marc:subfield>
            <marc:subfield code="c">201011110956</marc:subfield>
            <marc:subfield code="d">bquigley</marc:subfield>
            <marc:subfield code="c">201011101658</marc:subfield>
            <marc:subfield code="d">bquigley</marc:subfield>
            <marc:subfield code="y">201011101658</marc:subfield>
            <marc:subfield code="z">bquigley</marc:subfield>
        </marc:datafield>
        <marc:datafield tag="040" ind1=" " ind2=" ">
            <marc:subfield code="a">IeDuNL</marc:subfield>
        </marc:datafield>
        <marc:datafield tag="049" ind1=" " ind2=" ">
            <marc:subfield code="a">N6IA</marc:subfield>
            <marc:subfield code="b">MU</marc:subfield>
        </marc:datafield>
        <marc:datafield tag="100" ind1="1" ind2=" ">
            <marc:subfield code="a">Moran, Peter K.</marc:subfield>
            <marc:subfield code="q">(Peter K.),</marc:subfield>
            <marc:subfield code="d">d. 1831.</marc:subfield>
        </marc:datafield>
        <marc:datafield tag="245" ind1="1" ind2="0">
            <marc:subfield code="a">The Kinnegad Slashers :</marc:subfield>
            <marc:subfield code="b">a favorite air arranged as a rondo for the pianoforte /</marc:subfield>
            <marc:subfield code="c">by P.K. Moran</marc:subfield>
        </marc:datafield>
        <marc:datafield tag="260" ind1=" " ind2=" ">
            <marc:subfield code="a">Dublin(4 Westmoreland St) :</marc:subfield>
            <marc:subfield code="b">W. Power</marc:subfield>
            <marc:subfield code="c">[18?]</marc:subfield>
        </marc:datafield>
        <marc:datafield tag="300" ind1=" " ind2=" ">
            <marc:subfield code="a">1 score (5 p.)</marc:subfield>
            <marc:subfield code="c">34 cm.</marc:subfield>
        </marc:datafield>
        <marc:datafield tag="500" ind1=" " ind2=" ">
            <marc:subfield code="a">Cover title.</marc:subfield>
        </marc:datafield>
        <marc:datafield tag="500" ind1=" " ind2=" ">
            <marc:subfield code="a">Cover title displays M. Hime's official stamp.</marc:subfield>
        </marc:datafield>
        <marc:datafield tag="500" ind1=" " ind2=" ">
            <marc:subfield code="a">Cover title displays Power's official stamp.</marc:subfield>
        </marc:datafield>
        <marc:datafield tag="650" ind1=" " ind2="0">
            <marc:subfield code="a">Piano music</marc:subfield>
            <marc:subfield code="z">Ireland</marc:subfield>
            <marc:subfield code="y">19th century</marc:subfield>
        </marc:datafield>
        <marc:datafield tag="650" ind1=" " ind2="0">
            <marc:subfield code="a">Rondos (Piano)</marc:subfield>
        </marc:datafield>
        <marc:datafield tag="650" ind1=" " ind2="0">
            <marc:subfield code="a">Irish Airs, arranged</marc:subfield>
            <marc:subfield code="z">Ireland</marc:subfield>
            <marc:subfield code="y">19th century</marc:subfield>
        </marc:datafield>
        <marc:datafield tag="650" ind1=" " ind2="0">
            <marc:subfield code="a">Folk music, Ireland</marc:subfield>
            <marc:subfield code="y">19th century</marc:subfield>
        </marc:datafield>
        <marc:datafield tag="856" ind1=" " ind2=" ">
            <marc:subfield code="u">urn:nli:vtls000290627_1</marc:subfield>
            <marc:subfield code="u">urn:nli:vtls000290627_2</marc:subfield>
            <marc:subfield code="u">urn:nli:vtls000290627_3</marc:subfield>
            <marc:subfield code="u">urn:nli:vtls000290627_4</marc:subfield>
            <marc:subfield code="u">urn:nli:vtls000290627_5</marc:subfield>
            <marc:subfield code="x">Image filenames as supplied to NAIC </marc:subfield>
        </marc:datafield>
        <marc:datafield tag="949" ind1=" " ind2=" ">
            <marc:subfield code="A">VIRTUAITEM</marc:subfield>
            <marc:subfield code="D">50000</marc:subfield>
            <marc:subfield code="X">23</marc:subfield>
            <marc:subfield code="6">290627</marc:subfield>
            <marc:subfield code="a">Add Mus 9068</marc:subfield>
        </marc:datafield>
        <marc:datafield tag="999" ind1=" " ind2=" ">
            <marc:subfield code="a">VIRTUA</marc:subfield>
        </marc:datafield>
        <marc:datafield tag="999" ind1=" " ind2=" ">
            <marc:subfield code="a">VTLSSORT0080*0400*0490*1000*2450*2600*3000*5000*5001*5002*6500*6501*6502*6503*8560*9991</marc:subfield>
        </marc:datafield>
    </marc:record>