
    <marc:record>
        <marc:leader>01721ccm a2200325Ma 4500</marc:leader>
        <marc:controlfield tag="001">vtls000290594</marc:controlfield>
        <marc:controlfield tag="003">IeDuNL</marc:controlfield>
        <marc:controlfield tag="005">20101116131400.0</marc:controlfield>
        <marc:controlfield tag="008">101109s18uu enkuu n zxx d</marc:controlfield>
        <marc:datafield tag="028" ind1="0" ind2="0">
            <marc:subfield code="a">8769</marc:subfield>
            <marc:subfield code="b">Pl. no.</marc:subfield>
        </marc:datafield>
        <marc:datafield tag="035" ind1=" " ind2=" ">
            <marc:subfield code="a">(OCoLC)181764933</marc:subfield>
        </marc:datafield>
        <marc:datafield tag="035" ind1=" " ind2=" ">
            <marc:subfield code="a">(OCoLC)ocn181764933</marc:subfield>
        </marc:datafield>
        <marc:datafield tag="039" ind1=" " ind2="9">
            <marc:subfield code="a">201011161314</marc:subfield>
            <marc:subfield code="b">bquigley</marc:subfield>
            <marc:subfield code="c">201011091714</marc:subfield>
            <marc:subfield code="d">bquigley</marc:subfield>
            <marc:subfield code="c">201011091703</marc:subfield>
            <marc:subfield code="d">bquigley</marc:subfield>
            <marc:subfield code="c">201011091655</marc:subfield>
            <marc:subfield code="d">bquigley</marc:subfield>
            <marc:subfield code="y">201011091614</marc:subfield>
            <marc:subfield code="z">bquigley</marc:subfield>
        </marc:datafield>
        <marc:datafield tag="040" ind1=" " ind2=" ">
            <marc:subfield code="a">IeDuNL</marc:subfield>
        </marc:datafield>
        <marc:datafield tag="049" ind1=" " ind2=" ">
            <marc:subfield code="a">N6IA</marc:subfield>
            <marc:subfield code="b">MU</marc:subfield>
        </marc:datafield>
        <marc:datafield tag="100" ind1="1" ind2=" ">
            <marc:subfield code="a">Wallace, William Vincent,</marc:subfield>
            <marc:subfield code="d">1812-1865.</marc:subfield>
        </marc:datafield>
        <marc:datafield tag="240" ind1="1" ind2="0">
            <marc:subfield code="a">Harp that once through Tara's halls ;</marc:subfield>
            <marc:subfield code="o">arr.</marc:subfield>
        </marc:datafield>
        <marc:datafield tag="245" ind1="1" ind2="0">
            <marc:subfield code="a">Two favorite Irish melodies</marc:subfield>
            <marc:subfield code="h">[music]</marc:subfield>
            <marc:subfield code="b">known as The harp that once through Tara's halls, and Fly not
                yet / ǂc arranged for the piano forte, and dedicated to Mrs. Bridgman Wade, of
                Jersey, by William Vincent Wallace</marc:subfield>
        </marc:datafield>
        <marc:datafield tag="260" ind1=" " ind2=" ">
            <marc:subfield code="a">London :</marc:subfield>
            <marc:subfield code="b">Messrs. Robert Cocks &amp; Co.,</marc:subfield>
            <marc:subfield code="c">[18--?]</marc:subfield>
        </marc:datafield>
        <marc:datafield tag="300" ind1=" " ind2=" ">
            <marc:subfield code="a">1 score (9 p) ;</marc:subfield>
            <marc:subfield code="c">34 cm.</marc:subfield>
        </marc:datafield>
        <marc:datafield tag="500" ind1=" " ind2=" ">
            <marc:subfield code="a">For pianoforte.</marc:subfield>
        </marc:datafield>
        <marc:datafield tag="500" ind1=" " ind2=" ">
            <marc:subfield code="a">Caption title: Two Irish melodies known as "Go where
                glory waits thee" &amp; "Love's Young
            Dream".</marc:subfield>
        </marc:datafield>
        <marc:datafield tag="500" ind1=" " ind2=" ">
            <marc:subfield code="a">Pl. no. : 8769</marc:subfield>
        </marc:datafield>
        <marc:datafield tag="650" ind1=" " ind2="0">
            <marc:subfield code="a">Piano music, Arranged</marc:subfield>
            <marc:subfield code="v">Scores.</marc:subfield>
        </marc:datafield>
        <marc:datafield tag="740" ind1="0" ind2=" ">
            <marc:subfield code="a">Fly not yet.</marc:subfield>
        </marc:datafield>
        <marc:datafield tag="740" ind1="4" ind2=" ">
            <marc:subfield code="a">The favorite melodies known as "The harp that once
                through Tara's halls" &amp; "Fly not
            yet".</marc:subfield>
        </marc:datafield>
        <marc:datafield tag="856" ind1=" " ind2=" ">
            <marc:subfield code="u">urn:nli:vtls000290594_1</marc:subfield>
            <marc:subfield code="u">urn:nli:vtls000290594_2</marc:subfield>
            <marc:subfield code="u">urn:nli:vtls000290594_3</marc:subfield>
            <marc:subfield code="u">urn:nli:vtls000290594_4</marc:subfield>
            <marc:subfield code="u">urn:nli:vtls000290594_5</marc:subfield>
            <marc:subfield code="u">urn:nli:vtls000290594_6</marc:subfield>
            <marc:subfield code="u">urn:nli:vtls000290594_7</marc:subfield>
            <marc:subfield code="u">urn:nli:vtls000290594_8</marc:subfield>
            <marc:subfield code="u">urn:nli:vtls000290594_9</marc:subfield>
            <marc:subfield code="x">Image filenames as supplied to NAIC </marc:subfield>
        </marc:datafield>
        <marc:datafield tag="949" ind1=" " ind2=" ">
            <marc:subfield code="A">VIRTUAITEM</marc:subfield>
            <marc:subfield code="D">50000</marc:subfield>
            <marc:subfield code="X">23</marc:subfield>
            <marc:subfield code="6">290594</marc:subfield>
            <marc:subfield code="a">Add Mus 4440</marc:subfield>
        </marc:datafield>
        <marc:datafield tag="999" ind1=" " ind2=" ">
            <marc:subfield code="a">VIRTUA</marc:subfield>
        </marc:datafield>
        <marc:datafield tag="999" ind1=" " ind2=" ">
            <marc:subfield code="a">VTLSSORT0080*0351*0400*0280*0350*0490*1000*2400*2450*2600*3000*5000*5001*5002*6500*7400*7401*8560*9991</marc:subfield>
        </marc:datafield>
    </marc:record>