
    <marc:record>
        <marc:leader>01494ccm a2200301Ma 4500</marc:leader>
        <marc:controlfield tag="001">vtls000290611</marc:controlfield>
        <marc:controlfield tag="003">IeDuNL</marc:controlfield>
        <marc:controlfield tag="005">20101116131700.0</marc:controlfield>
        <marc:controlfield tag="008">101109s18uu enkuu n zxx d</marc:controlfield>
        <marc:datafield tag="028" ind1="0" ind2="0">
            <marc:subfield code="a">12,024</marc:subfield>
            <marc:subfield code="b">Pl. no.</marc:subfield>
        </marc:datafield>
        <marc:datafield tag="039" ind1=" " ind2="9">
            <marc:subfield code="a">201011161317</marc:subfield>
            <marc:subfield code="b">bquigley</marc:subfield>
            <marc:subfield code="y">201011091734</marc:subfield>
            <marc:subfield code="z">bquigley</marc:subfield>
        </marc:datafield>
        <marc:datafield tag="040" ind1=" " ind2=" ">
            <marc:subfield code="a">IeDuNL</marc:subfield>
        </marc:datafield>
        <marc:datafield tag="049" ind1=" " ind2=" ">
            <marc:subfield code="a">N6IA</marc:subfield>
            <marc:subfield code="b">MU</marc:subfield>
        </marc:datafield>
        <marc:datafield tag="100" ind1="1" ind2=" ">
            <marc:subfield code="a">Wallace, William Vincent,</marc:subfield>
            <marc:subfield code="d">1812-1865.</marc:subfield>
        </marc:datafield>
        <marc:datafield tag="240" ind1="1" ind2="0">
            <marc:subfield code="a">Kate Kearney ;</marc:subfield>
            <marc:subfield code="o">arr.</marc:subfield>
        </marc:datafield>
        <marc:datafield tag="245" ind1="1" ind2="0">
            <marc:subfield code="a">The Irish melodies</marc:subfield>
            <marc:subfield code="h">[music]</marc:subfield>
            <marc:subfield code="b">"Kate Kearney", and Tow, row,row / ǂc
                transcribed for the piano forte by William Vincent Wallace</marc:subfield>
        </marc:datafield>
        <marc:datafield tag="260" ind1=" " ind2=" ">
            <marc:subfield code="a">London :</marc:subfield>
            <marc:subfield code="b">Messrs. Robert Cocks &amp; Co.,</marc:subfield>
            <marc:subfield code="c">[18--?]</marc:subfield>
        </marc:datafield>
        <marc:datafield tag="300" ind1=" " ind2=" ">
            <marc:subfield code="a">1 score (9 p) ;</marc:subfield>
            <marc:subfield code="c">34 cm.</marc:subfield>
        </marc:datafield>
        <marc:datafield tag="500" ind1=" " ind2=" ">
            <marc:subfield code="a">For pianoforte.</marc:subfield>
        </marc:datafield>
        <marc:datafield tag="500" ind1=" " ind2=" ">
            <marc:subfield code="a">Caption title: Kate Kearney and Tow, Row, Row</marc:subfield>
        </marc:datafield>
        <marc:datafield tag="500" ind1=" " ind2=" ">
            <marc:subfield code="a">Pl. no. : 12,024</marc:subfield>
        </marc:datafield>
        <marc:datafield tag="650" ind1=" " ind2="0">
            <marc:subfield code="a">Piano music, transcribed</marc:subfield>
            <marc:subfield code="v">Scores.</marc:subfield>
        </marc:datafield>
        <marc:datafield tag="650" ind1=" " ind2="0">
            <marc:subfield code="a">Folk music</marc:subfield>
            <marc:subfield code="z">Ireland</marc:subfield>
            <marc:subfield code="y">19th century</marc:subfield>
        </marc:datafield>
        <marc:datafield tag="740" ind1="0" ind2=" ">
            <marc:subfield code="a">Tow, row, row</marc:subfield>
        </marc:datafield>
        <marc:datafield tag="856" ind1=" " ind2=" ">
            <marc:subfield code="u">urn:nli:vtls000290611_1</marc:subfield>
            <marc:subfield code="u">urn:nli:vtls000290611_2</marc:subfield>
            <marc:subfield code="u">urn:nli:vtls000290611_3</marc:subfield>
            <marc:subfield code="u">urn:nli:vtls000290611_4</marc:subfield>
            <marc:subfield code="u">urn:nli:vtls000290611_5</marc:subfield>
            <marc:subfield code="u">urn:nli:vtls000290611_6</marc:subfield>
            <marc:subfield code="u">urn:nli:vtls000290611_7</marc:subfield>
            <marc:subfield code="u">urn:nli:vtls000290611_8</marc:subfield>
            <marc:subfield code="u">urn:nli:vtls000290611_9</marc:subfield>
            <marc:subfield code="u">urn:nli:vtls000290611_10</marc:subfield>
            <marc:subfield code="u">urn:nli:vtls000290611_11</marc:subfield>
            <marc:subfield code="u">urn:nli:vtls000290611_12</marc:subfield>
            <marc:subfield code="u">urn:nli:vtls000290611_13</marc:subfield>
            <marc:subfield code="u">urn:nli:vtls000290611_14</marc:subfield>
            <marc:subfield code="x">Image filenames as supplied to NAIC </marc:subfield>
        </marc:datafield>
        <marc:datafield tag="949" ind1=" " ind2=" ">
            <marc:subfield code="A">VIRTUAITEM</marc:subfield>
            <marc:subfield code="D">50000</marc:subfield>
            <marc:subfield code="X">23</marc:subfield>
            <marc:subfield code="6">290611</marc:subfield>
            <marc:subfield code="a">Add Mus 3248</marc:subfield>
        </marc:datafield>
        <marc:datafield tag="999" ind1=" " ind2=" ">
            <marc:subfield code="a">VIRTUA</marc:subfield>
        </marc:datafield>
        <marc:datafield tag="999" ind1=" " ind2=" ">
            <marc:subfield code="a">VTLSSORT0080*0400*0280*0490*1000*2400*2450*2600*3000*5000*5001*5002*6500*6501*7400*8560*9991</marc:subfield>
        </marc:datafield>
    </marc:record>