
    <marc:record>
        <marc:leader>01226ccm a2200265Ma 4500</marc:leader>
        <marc:controlfield tag="001">vtls000290585</marc:controlfield>
        <marc:controlfield tag="003">IeDuNL</marc:controlfield>
        <marc:controlfield tag="005">20101116132400.0</marc:controlfield>
        <marc:controlfield tag="008">101109s1850 enkzzz n eng d</marc:controlfield>
        <marc:datafield tag="039" ind1=" " ind2="9">
            <marc:subfield code="a">201011161324</marc:subfield>
            <marc:subfield code="b">bquigley</marc:subfield>
            <marc:subfield code="y">201011091531</marc:subfield>
            <marc:subfield code="z">bquigley</marc:subfield>
        </marc:datafield>
        <marc:datafield tag="040" ind1=" " ind2=" ">
            <marc:subfield code="a">IeDuNL</marc:subfield>
        </marc:datafield>
        <marc:datafield tag="049" ind1=" " ind2=" ">
            <marc:subfield code="a">N6IA</marc:subfield>
            <marc:subfield code="b">MU</marc:subfield>
        </marc:datafield>
        <marc:datafield tag="100" ind1="1" ind2=" ">
            <marc:subfield code="a">Despard, Charlotte Maria</marc:subfield>
        </marc:datafield>
        <marc:datafield tag="245" ind1="1" ind2="0">
            <marc:subfield code="a">Gramachree Molly</marc:subfield>
            <marc:subfield code="h">[music] /</marc:subfield>
            <marc:subfield code="b">a favorite Irish Air, with variations for the piano forte or
                harp</marc:subfield>
            <marc:subfield code="c">composed &amp; respectfully dedicated by permission to his
                most excellent majesty King George the Fourth by Miss Charlotte Maria
            Despard.</marc:subfield>
        </marc:datafield>
        <marc:datafield tag="260" ind1=" " ind2=" ">
            <marc:subfield code="a">Dublin :</marc:subfield>
            <marc:subfield code="b">L. Willis,</marc:subfield>
            <marc:subfield code="c">[1850?]</marc:subfield>
        </marc:datafield>
        <marc:datafield tag="300" ind1=" " ind2=" ">
            <marc:subfield code="a">1 score (6 p.)</marc:subfield>
            <marc:subfield code="c">33cm</marc:subfield>
        </marc:datafield>
        <marc:datafield tag="500" ind1=" " ind2=" ">
            <marc:subfield code="a">For piano or Harp.</marc:subfield>
        </marc:datafield>
        <marc:datafield tag="500" ind1=" " ind2=" ">
            <marc:subfield code="a">Cover title.</marc:subfield>
        </marc:datafield>
        <marc:datafield tag="650" ind1=" " ind2="0">
            <marc:subfield code="a">Piano music, Arranged</marc:subfield>
            <marc:subfield code="z">Ireland</marc:subfield>
            <marc:subfield code="y">19th century</marc:subfield>
        </marc:datafield>
        <marc:datafield tag="650" ind1=" " ind2="0">
            <marc:subfield code="a">Folk music, Ireland</marc:subfield>
            <marc:subfield code="y">19th century</marc:subfield>
        </marc:datafield>
        <marc:datafield tag="650" ind1=" " ind2="0">
            <marc:subfield code="a">Variations (Piano)</marc:subfield>
        </marc:datafield>
        <marc:datafield tag="856" ind1=" " ind2=" ">
            <marc:subfield code="u">urn:nli:vtls000290585_1</marc:subfield>
            <marc:subfield code="u">urn:nli:vtls000290585_2</marc:subfield>
            <marc:subfield code="u">urn:nli:vtls000290585_3</marc:subfield>
            <marc:subfield code="u">urn:nli:vtls000290585_4</marc:subfield>
            <marc:subfield code="u">urn:nli:vtls000290585_5</marc:subfield>
            <marc:subfield code="u">urn:nli:vtls000290585_6</marc:subfield>
            <marc:subfield code="x">Image filenames as supplied to NAIC </marc:subfield>
        </marc:datafield>
        <marc:datafield tag="949" ind1=" " ind2=" ">
            <marc:subfield code="A">VIRTUAITEM</marc:subfield>
            <marc:subfield code="D">50000</marc:subfield>
            <marc:subfield code="X">23</marc:subfield>
            <marc:subfield code="6">290585</marc:subfield>
            <marc:subfield code="a">JM 4712</marc:subfield>
        </marc:datafield>
        <marc:datafield tag="999" ind1=" " ind2=" ">
            <marc:subfield code="a">VIRTUA</marc:subfield>
        </marc:datafield>
        <marc:datafield tag="999" ind1=" " ind2=" ">
            <marc:subfield code="a">VTLSSORT0080*0400*0490*1000*2450*2600*3000*5000*5001*6500*6501*6502*8560*9991</marc:subfield>
        </marc:datafield>
    </marc:record>