
    <marc:record>
        <marc:leader>01990ncm a2200313K  4500</marc:leader>
        <marc:controlfield tag="001">vtls000114591</marc:controlfield>
        <marc:controlfield tag="003">IeDuNL</marc:controlfield>
        <marc:controlfield tag="005">20101116111800.0</marc:controlfield>
        <marc:controlfield tag="008">990323s1877 stk n d</marc:controlfield>
        <marc:datafield tag="035" ind1=" " ind2=" ">
            <marc:subfield code="a">(OCoLC)ocm41025059</marc:subfield>
        </marc:datafield>
        <marc:datafield tag="039" ind1=" " ind2="9">
            <marc:subfield code="a">201011161118</marc:subfield>
            <marc:subfield code="b">bquigley</marc:subfield>
            <marc:subfield code="c">201011111313</marc:subfield>
            <marc:subfield code="d">bquigley</marc:subfield>
            <marc:subfield code="c">201011111310</marc:subfield>
            <marc:subfield code="d">bquigley</marc:subfield>
            <marc:subfield code="c">201011111308</marc:subfield>
            <marc:subfield code="d">bquigley</marc:subfield>
            <marc:subfield code="y">201005150231</marc:subfield>
            <marc:subfield code="z">VLOAD</marc:subfield>
        </marc:datafield>
        <marc:datafield tag="040" ind1=" " ind2=" ">
            <marc:subfield code="a">IeDuNL</marc:subfield>
        </marc:datafield>
        <marc:datafield tag="049" ind1=" " ind2=" ">
            <marc:subfield code="a">N6IA</marc:subfield>
            <marc:subfield code="b">MU</marc:subfield>
        </marc:datafield>
        <marc:datafield tag="100" ind1="1" ind2=" ">
            <marc:subfield code="a">Morine, Charles H.</marc:subfield>
            <marc:subfield code="q">(Charles Harland),</marc:subfield>
            <marc:subfield code="d">1828-1879.</marc:subfield>
        </marc:datafield>
        <marc:datafield tag="245" ind1="1" ind2="0">
            <marc:subfield code="a">Fifty-eight Irish melodies</marc:subfield>
            <marc:subfield code="h">[music]</marc:subfield>
            <marc:subfield code="b">for the pianoforte</marc:subfield>
            <marc:subfield code="c">arranged by C.H. Morine.</marc:subfield>
        </marc:datafield>
        <marc:datafield tag="250" ind1=" " ind2=" ">
            <marc:subfield code="a">Cameron &amp; Co.'s excelsior series of pianoforte books. -
                No. 4</marc:subfield>
        </marc:datafield>
        <marc:datafield tag="260" ind1=" " ind2=" ">
            <marc:subfield code="a">Glasgow :</marc:subfield>
            <marc:subfield code="b">Cameron &amp; Co.;</marc:subfield>
            <marc:subfield code="c">[18?]</marc:subfield>
        </marc:datafield>
        <marc:datafield tag="300" ind1=" " ind2=" ">
            <marc:subfield code="a">1 score [24 p]</marc:subfield>
            <marc:subfield code="c">35cm</marc:subfield>
        </marc:datafield>
        <marc:datafield tag="500" ind1=" " ind2=" ">
            <marc:subfield code="a">Cover title</marc:subfield>
        </marc:datafield>
        <marc:datafield tag="500" ind1=" " ind2=" ">
            <marc:subfield code="a">Cover title displays illustration of evening
            soirée.</marc:subfield>
        </marc:datafield>
        <marc:datafield tag="500" ind1=" " ind2=" ">
            <marc:subfield code="a">No. 4 in series</marc:subfield>
        </marc:datafield>
        <marc:datafield tag="650" ind1=" " ind2="0">
            <marc:subfield code="a">Piano music, arranged</marc:subfield>
            <marc:subfield code="z">Scotland</marc:subfield>
            <marc:subfield code="y">19th century</marc:subfield>
        </marc:datafield>
        <marc:datafield tag="650" ind1=" " ind2="0">
            <marc:subfield code="a">Irish folk music, arranged</marc:subfield>
            <marc:subfield code="z">Scotland</marc:subfield>
            <marc:subfield code="y">19th century</marc:subfield>
        </marc:datafield>
        <marc:datafield tag="650" ind1=" " ind2="0">
            <marc:subfield code="a">Folk music, Ireland</marc:subfield>
            <marc:subfield code="y">19th century</marc:subfield>
        </marc:datafield>
        <marc:datafield tag="856" ind1=" " ind2=" ">
            <marc:subfield code="u">urn:nli:vtls000114591_1</marc:subfield>
            <marc:subfield code="u">urn:nli:vtls000114591_2</marc:subfield>
            <marc:subfield code="u">urn:nli:vtls000114591_3</marc:subfield>
            <marc:subfield code="u">urn:nli:vtls000114591_4</marc:subfield>
            <marc:subfield code="u">urn:nli:vtls000114591_5</marc:subfield>
            <marc:subfield code="u">urn:nli:vtls000114591_6</marc:subfield>
            <marc:subfield code="u">urn:nli:vtls000114591_7</marc:subfield>
            <marc:subfield code="u">urn:nli:vtls000114591_8</marc:subfield>
            <marc:subfield code="u">urn:nli:vtls000114591_9</marc:subfield>
            <marc:subfield code="u">urn:nli:vtls000114591_10</marc:subfield>
            <marc:subfield code="u">urn:nli:vtls000114591_11</marc:subfield>
            <marc:subfield code="u">urn:nli:vtls000114591_12</marc:subfield>
            <marc:subfield code="u">urn:nli:vtls000114591_13</marc:subfield>
            <marc:subfield code="u">urn:nli:vtls000114591_14</marc:subfield>
            <marc:subfield code="u">urn:nli:vtls000114591_15</marc:subfield>
            <marc:subfield code="u">urn:nli:vtls000114591_16</marc:subfield>
            <marc:subfield code="u">urn:nli:vtls000114591_17</marc:subfield>
            <marc:subfield code="u">urn:nli:vtls000114591_18</marc:subfield>
            <marc:subfield code="u">urn:nli:vtls000114591_19</marc:subfield>
            <marc:subfield code="u">urn:nli:vtls000114591_20</marc:subfield>
            <marc:subfield code="u">urn:nli:vtls000114591_21</marc:subfield>
            <marc:subfield code="u">urn:nli:vtls000114591_22</marc:subfield>
            <marc:subfield code="u">urn:nli:vtls000114591_23</marc:subfield>
            <marc:subfield code="u">urn:nli:vtls000114591_24</marc:subfield>
            <marc:subfield code="u">urn:nli:vtls000114591_25</marc:subfield>
            <marc:subfield code="u">urn:nli:vtls000114591_26</marc:subfield>
            <marc:subfield code="x">Image filenames as supplied to NAIC </marc:subfield>
        </marc:datafield>
        <marc:datafield tag="949" ind1=" " ind2=" ">
            <marc:subfield code="A">VIRTUAITEM</marc:subfield>
            <marc:subfield code="D">90000</marc:subfield>
            <marc:subfield code="F">1</marc:subfield>
            <marc:subfield code="X">18</marc:subfield>
            <marc:subfield code="6">-126560</marc:subfield>
            <marc:subfield code="a">Ir 780 m 11</marc:subfield>
            <marc:subfield code="o">ITEM TYPE : bk</marc:subfield>
        </marc:datafield>
        <marc:datafield tag="949" ind1=" " ind2=" ">
            <marc:subfield code="A">VIRTUAITEM</marc:subfield>
            <marc:subfield code="D">90000</marc:subfield>
            <marc:subfield code="X">23</marc:subfield>
            <marc:subfield code="6">114591</marc:subfield>
            <marc:subfield code="a">JM 4668</marc:subfield>
        </marc:datafield>
        <marc:datafield tag="999" ind1=" " ind2=" ">
            <marc:subfield code="a">VIRTUA</marc:subfield>
        </marc:datafield>
        <marc:datafield tag="999" ind1=" " ind2=" ">
            <marc:subfield code="a">VTLSSORT0080*0350*0400*0490*1000*2450*2500*2600*3000*5000*5001*5002*6500*6501*6502*8560*9991</marc:subfield>
        </marc:datafield>
    </marc:record>