
    <marc:record>
        <marc:leader>02253ccm a2200337Ia 4500</marc:leader>
        <marc:controlfield tag="001">vtls000290644</marc:controlfield>
        <marc:controlfield tag="003">IeDuNL</marc:controlfield>
        <marc:controlfield tag="005">20101116112400.0</marc:controlfield>
        <marc:controlfield tag="008">101111s1827 enk n zxx d</marc:controlfield>
        <marc:datafield tag="028" ind1="2" ind2="2">
            <marc:subfield code="a">522</marc:subfield>
            <marc:subfield code="b">J.B. Cramer, Addison &amp; Beale</marc:subfield>
        </marc:datafield>
        <marc:datafield tag="035" ind1=" " ind2=" ">
            <marc:subfield code="a">(OCoLC)8247609</marc:subfield>
        </marc:datafield>
        <marc:datafield tag="035" ind1=" " ind2=" ">
            <marc:subfield code="a">(OCoLC)ocm08247609</marc:subfield>
        </marc:datafield>
        <marc:datafield tag="039" ind1=" " ind2="9">
            <marc:subfield code="a">201011161124</marc:subfield>
            <marc:subfield code="b">bquigley</marc:subfield>
            <marc:subfield code="c">201011111437</marc:subfield>
            <marc:subfield code="d">bquigley</marc:subfield>
            <marc:subfield code="c">201011111434</marc:subfield>
            <marc:subfield code="d">bquigley</marc:subfield>
            <marc:subfield code="c">201011111431</marc:subfield>
            <marc:subfield code="d">bquigley</marc:subfield>
            <marc:subfield code="y">201011111328</marc:subfield>
            <marc:subfield code="z">bquigley</marc:subfield>
        </marc:datafield>
        <marc:datafield tag="040" ind1=" " ind2=" ">
            <marc:subfield code="a">IeDuNL</marc:subfield>
        </marc:datafield>
        <marc:datafield tag="049" ind1=" " ind2=" ">
            <marc:subfield code="a">N6IA</marc:subfield>
            <marc:subfield code="b">MU</marc:subfield>
        </marc:datafield>
        <marc:datafield tag="100" ind1="1" ind2=" ">
            <marc:subfield code="a">Moscheles, Ignaz,</marc:subfield>
            <marc:subfield code="d">1794-1870.</marc:subfield>
        </marc:datafield>
        <marc:datafield tag="245" ind1="1" ind2="4">
            <marc:subfield code="a">The recollections of Ireland :</marc:subfield>
            <marc:subfield code="b">a grand fantasia, in which are introduced the favorite airs,
                "The groves of Blarney," "Garry Owen, " and St.
                Patrick's Day : for the pianoforte, with orchestral accompanimets op. 69 /</marc:subfield>
            <marc:subfield code="c">composed by I. Moscheles.</marc:subfield>
        </marc:datafield>
        <marc:datafield tag="260" ind1=" " ind2=" ">
            <marc:subfield code="a">London :</marc:subfield>
            <marc:subfield code="b">J.B. Cramer, Addison &amp; Beale,</marc:subfield>
            <marc:subfield code="c">[1827?]</marc:subfield>
        </marc:datafield>
        <marc:datafield tag="300" ind1=" " ind2=" ">
            <marc:subfield code="a">1 score (29 p.) ;</marc:subfield>
            <marc:subfield code="c">34 cm.</marc:subfield>
        </marc:datafield>
        <marc:datafield tag="500" ind1=" " ind2=" ">
            <marc:subfield code="a">On t.p.: NB. This work may be performed as a solo for the piano
                forte or with the quartett accompaniments by playing the small notes where they
                occur.</marc:subfield>
        </marc:datafield>
        <marc:datafield tag="500" ind1=" " ind2=" ">
            <marc:subfield code="a">Engraved.</marc:subfield>
        </marc:datafield>
        <marc:datafield tag="500" ind1=" " ind2=" ">
            <marc:subfield code="a">Op. 69</marc:subfield>
        </marc:datafield>
        <marc:datafield tag="650" ind1=" " ind2="0">
            <marc:subfield code="a">Piano music.</marc:subfield>
        </marc:datafield>
        <marc:datafield tag="650" ind1=" " ind2="0">
            <marc:subfield code="a">Piano with orchestra.</marc:subfield>
        </marc:datafield>
        <marc:datafield tag="740" ind1=" " ind2=" ">
            <marc:subfield code="a">Garry owen</marc:subfield>
        </marc:datafield>
        <marc:datafield tag="740" ind1=" " ind2=" ">
            <marc:subfield code="a">The groves of blarney</marc:subfield>
        </marc:datafield>
        <marc:datafield tag="740" ind1=" " ind2=" ">
            <marc:subfield code="a">St patrick's day</marc:subfield>
        </marc:datafield>
        <marc:datafield tag="856" ind1=" " ind2=" ">
            <marc:subfield code="a">urn:nli:vtls000290644_1</marc:subfield>
            <marc:subfield code="a">urn:nli:vtls000290644_2</marc:subfield>
            <marc:subfield code="a">urn:nli:vtls000290644_3</marc:subfield>
            <marc:subfield code="a">urn:nli:vtls000290644_4</marc:subfield>
            <marc:subfield code="a">urn:nli:vtls000290644_5</marc:subfield>
            <marc:subfield code="a">urn:nli:vtls000290644_6</marc:subfield>
            <marc:subfield code="a">urn:nli:vtls000290644_7</marc:subfield>
            <marc:subfield code="a">urn:nli:vtls000290644_8</marc:subfield>
            <marc:subfield code="a">urn:nli:vtls000290644_9</marc:subfield>
            <marc:subfield code="a">urn:nli:vtls000290644_10</marc:subfield>
            <marc:subfield code="a">urn:nli:vtls000290644_11</marc:subfield>
            <marc:subfield code="a">urn:nli:vtls000290644_12</marc:subfield>
            <marc:subfield code="a">urn:nli:vtls000290644_13</marc:subfield>
            <marc:subfield code="a">urn:nli:vtls000290644_14</marc:subfield>
            <marc:subfield code="a">urn:nli:vtls000290644_15</marc:subfield>
            <marc:subfield code="a">urn:nli:vtls000290644_16</marc:subfield>
            <marc:subfield code="a">urn:nli:vtls000290644_17</marc:subfield>
            <marc:subfield code="a">urn:nli:vtls000290644_18</marc:subfield>
            <marc:subfield code="a">urn:nli:vtls000290644_19</marc:subfield>
            <marc:subfield code="a">urn:nli:vtls000290644_20</marc:subfield>
            <marc:subfield code="a">urn:nli:vtls000290644_21</marc:subfield>
            <marc:subfield code="a">urn:nli:vtls000290644_22</marc:subfield>
            <marc:subfield code="a">urn:nli:vtls000290644_23</marc:subfield>
            <marc:subfield code="a">urn:nli:vtls000290644_24</marc:subfield>
            <marc:subfield code="a">urn:nli:vtls000290644_25</marc:subfield>
            <marc:subfield code="a">urn:nli:vtls000290644_26</marc:subfield>
            <marc:subfield code="a">urn:nli:vtls000290644_27</marc:subfield>
            <marc:subfield code="a">urn:nli:vtls000290644_28</marc:subfield>
            <marc:subfield code="a">urn:nli:vtls000290644_29</marc:subfield>
            <marc:subfield code="x">Image filenames as supplied to NAIC </marc:subfield>
        </marc:datafield>
        <marc:datafield tag="949" ind1=" " ind2=" ">
            <marc:subfield code="A">VIRTUAITEM</marc:subfield>
            <marc:subfield code="D">50000</marc:subfield>
            <marc:subfield code="X">23</marc:subfield>
            <marc:subfield code="6">290644</marc:subfield>
            <marc:subfield code="a">Add Mus 5148</marc:subfield>
        </marc:datafield>
        <marc:datafield tag="999" ind1=" " ind2=" ">
            <marc:subfield code="a">VIRTUA</marc:subfield>
        </marc:datafield>
        <marc:datafield tag="999" ind1=" " ind2=" ">
            <marc:subfield code="a">VTLSSORT0080*0351*0400*0280*0350*0490*1000*2450*2600*3000*5000*5001*5002*6500*6501*7400*7401*7402*8560*9991</marc:subfield>
        </marc:datafield>
    </marc:record>