
    <marc:record>
        <marc:leader>01387ncm a2200265K  4500</marc:leader>
        <marc:controlfield tag="001">vtls000290665</marc:controlfield>
        <marc:controlfield tag="003">IeDuNL</marc:controlfield>
        <marc:controlfield tag="005">20101115115200.0</marc:controlfield>
        <marc:controlfield tag="008">101111s1815 enksga n eng d</marc:controlfield>
        <marc:datafield tag="039" ind1=" " ind2="9">
            <marc:subfield code="a">201011151152</marc:subfield>
            <marc:subfield code="b">bquigley</marc:subfield>
            <marc:subfield code="c">201011111558</marc:subfield>
            <marc:subfield code="d">bquigley</marc:subfield>
            <marc:subfield code="y">201011111558</marc:subfield>
            <marc:subfield code="z">bquigley</marc:subfield>
        </marc:datafield>
        <marc:datafield tag="040" ind1=" " ind2=" ">
            <marc:subfield code="a">IeDuNL</marc:subfield>
        </marc:datafield>
        <marc:datafield tag="049" ind1=" " ind2=" ">
            <marc:subfield code="a">N6IA</marc:subfield>
            <marc:subfield code="b">MU</marc:subfield>
        </marc:datafield>
        <marc:datafield tag="100" ind1="1" ind2=" ">
            <marc:subfield code="a">Panormo, Ferdinand Charles</marc:subfield>
            <marc:subfield code="q">(Ferdinand Charles)</marc:subfield>
        </marc:datafield>
        <marc:datafield tag="245" ind1="1" ind2="4">
            <marc:subfield code="a">Farewell but whenever you welcome the hour</marc:subfield>
            <marc:subfield code="h">[music] :</marc:subfield>
            <marc:subfield code="b">an Irish air from the celebrated melodies with variations for
                the pianoforte /</marc:subfield>
            <marc:subfield code="c">composed and dedicated to Miss franks by Ferdinand C
            Panormo.</marc:subfield>
        </marc:datafield>
        <marc:datafield tag="260" ind1=" " ind2=" ">
            <marc:subfield code="a">Dublin : (No. 4 Nassau St) :</marc:subfield>
            <marc:subfield code="b">Elizabeth Atwood,</marc:subfield>
            <marc:subfield code="c">[ca. 1815].</marc:subfield>
        </marc:datafield>
        <marc:datafield tag="300" ind1=" " ind2=" ">
            <marc:subfield code="a">1 score (9 p. );</marc:subfield>
            <marc:subfield code="c">32cm.</marc:subfield>
        </marc:datafield>
        <marc:datafield tag="500" ind1=" " ind2=" ">
            <marc:subfield code="a">Cover title.</marc:subfield>
        </marc:datafield>
        <marc:datafield tag="500" ind1=" " ind2=" ">
            <marc:subfield code="a">Cover title displays publisher's stamp.</marc:subfield>
        </marc:datafield>
        <marc:datafield tag="650" ind1=" " ind2="0">
            <marc:subfield code="a">Piano music</marc:subfield>
            <marc:subfield code="z">Ireland</marc:subfield>
            <marc:subfield code="y">19th century.</marc:subfield>
        </marc:datafield>
        <marc:datafield tag="650" ind1=" " ind2="0">
            <marc:subfield code="a">Piano music</marc:subfield>
            <marc:subfield code="v">Variations</marc:subfield>
            <marc:subfield code="z">Ireland</marc:subfield>
            <marc:subfield code="y">19th century</marc:subfield>
        </marc:datafield>
        <marc:datafield tag="650" ind1=" " ind2="0">
            <marc:subfield code="a">Irish Airs, arranged</marc:subfield>
            <marc:subfield code="z">Ireland</marc:subfield>
            <marc:subfield code="y">19th century</marc:subfield>
        </marc:datafield>
        <marc:datafield tag="856" ind1=" " ind2=" ">
            <marc:subfield code="u">urn:nli:vtls000290665_1</marc:subfield>
            <marc:subfield code="u">urn:nli:vtls000290665_2</marc:subfield>
            <marc:subfield code="u">urn:nli:vtls000290665_3</marc:subfield>
            <marc:subfield code="u">urn:nli:vtls000290665_4</marc:subfield>
            <marc:subfield code="u">urn:nli:vtls000290665_5</marc:subfield>
            <marc:subfield code="u">urn:nli:vtls000290665_6</marc:subfield>
            <marc:subfield code="u">urn:nli:vtls000290665_7</marc:subfield>
            <marc:subfield code="u">urn:nli:vtls000290665_8</marc:subfield>
            <marc:subfield code="u">urn:nli:vtls000290665_9</marc:subfield>
            <marc:subfield code="x">Image filenames as supplied to NAIC </marc:subfield>
        </marc:datafield>
        <marc:datafield tag="949" ind1=" " ind2=" ">
            <marc:subfield code="A">VIRTUAITEM</marc:subfield>
            <marc:subfield code="D">50000</marc:subfield>
            <marc:subfield code="X">23</marc:subfield>
            <marc:subfield code="6">290665</marc:subfield>
            <marc:subfield code="a">Add Mus 256</marc:subfield>
        </marc:datafield>
        <marc:datafield tag="999" ind1=" " ind2=" ">
            <marc:subfield code="a">VIRTUA</marc:subfield>
        </marc:datafield>
        <marc:datafield tag="999" ind1=" " ind2=" ">
            <marc:subfield code="a">VTLSSORT0080*0400*0490*1000*2450*2600*3000*5000*5001*6500*6501*6502*8560*9991</marc:subfield>
        </marc:datafield>
    </marc:record>