
    <marc:record>
        <marc:leader>01125ncm a2200265Ma 4500</marc:leader>
        <marc:controlfield tag="001">vtls000290748</marc:controlfield>
        <marc:controlfield tag="003">IeDuNL</marc:controlfield>
        <marc:controlfield tag="005">20101115122400.0</marc:controlfield>
        <marc:controlfield tag="008">101115s1797 enkrdz n d</marc:controlfield>
        <marc:datafield tag="039" ind1=" " ind2="9">
            <marc:subfield code="a">201011151224</marc:subfield>
            <marc:subfield code="b">bquigley</marc:subfield>
            <marc:subfield code="y">201011151223</marc:subfield>
            <marc:subfield code="z">bquigley</marc:subfield>
        </marc:datafield>
        <marc:datafield tag="040" ind1=" " ind2=" ">
            <marc:subfield code="a">IeDuNL</marc:subfield>
        </marc:datafield>
        <marc:datafield tag="049" ind1=" " ind2=" ">
            <marc:subfield code="a">N6IA</marc:subfield>
            <marc:subfield code="b">MU</marc:subfield>
        </marc:datafield>
        <marc:datafield tag="100" ind1="1" ind2=" ">
            <marc:subfield code="a">Bourke, John</marc:subfield>
        </marc:datafield>
        <marc:datafield tag="245" ind1="1" ind2="0">
            <marc:subfield code="a">Cummilum</marc:subfield>
            <marc:subfield code="h">[music] :</marc:subfield>
            <marc:subfield code="b">An Irish air, composed by the late W. Jackson Esq</marc:subfield>
            <marc:subfield code="c">with variations for the piano forte by J. Bourke</marc:subfield>
        </marc:datafield>
        <marc:datafield tag="260" ind1=" " ind2=" ">
            <marc:subfield code="a">Dublin (26 Parliament St)) :</marc:subfield>
            <marc:subfield code="b">S. Holden</marc:subfield>
            <marc:subfield code="c">[18--?].</marc:subfield>
        </marc:datafield>
        <marc:datafield tag="300" ind1=" " ind2=" ">
            <marc:subfield code="a">1 score (6 p.)</marc:subfield>
            <marc:subfield code="c">36cm.</marc:subfield>
        </marc:datafield>
        <marc:datafield tag="500" ind1=" " ind2=" ">
            <marc:subfield code="a">Cover title.</marc:subfield>
        </marc:datafield>
        <marc:datafield tag="650" ind1=" " ind2="0">
            <marc:subfield code="a">Piano music</marc:subfield>
            <marc:subfield code="z">Ireland</marc:subfield>
            <marc:subfield code="y">19th century.</marc:subfield>
        </marc:datafield>
        <marc:datafield tag="650" ind1=" " ind2="0">
            <marc:subfield code="a">Piano music, Arranged</marc:subfield>
            <marc:subfield code="y">19th century.</marc:subfield>
        </marc:datafield>
        <marc:datafield tag="700" ind1="0" ind2=" ">
            <marc:subfield code="a">Burke, John</marc:subfield>
        </marc:datafield>
        <marc:datafield tag="700" ind1="0" ind2=" ">
            <marc:subfield code="a">Jackson, W</marc:subfield>
        </marc:datafield>
        <marc:datafield tag="856" ind1=" " ind2=" ">
            <marc:subfield code="u">urn:nli:vtls000290748_1</marc:subfield>
            <marc:subfield code="u">urn:nli:vtls000290748_2</marc:subfield>
            <marc:subfield code="u">urn:nli:vtls000290748_3</marc:subfield>
            <marc:subfield code="u">urn:nli:vtls000290748_4</marc:subfield>
            <marc:subfield code="u">urn:nli:vtls000290748_5</marc:subfield>
            <marc:subfield code="u">urn:nli:vtls000290748_6</marc:subfield>
            <marc:subfield code="u">urn:nli:vtls000290748_7</marc:subfield>
            <marc:subfield code="x">Image filenames as supplied to NAIC </marc:subfield>
        </marc:datafield>
        <marc:datafield tag="949" ind1=" " ind2=" ">
            <marc:subfield code="A">VIRTUAITEM</marc:subfield>
            <marc:subfield code="D">50000</marc:subfield>
            <marc:subfield code="X">1</marc:subfield>
            <marc:subfield code="6">290748</marc:subfield>
            <marc:subfield code="a">JM 4687</marc:subfield>
        </marc:datafield>
        <marc:datafield tag="999" ind1=" " ind2=" ">
            <marc:subfield code="a">VIRTUA</marc:subfield>
        </marc:datafield>
        <marc:datafield tag="999" ind1=" " ind2=" ">
            <marc:subfield code="a">VTLSSORT0080*0400*0490*1000*2450*2600*3000*5000*6500*6501*7000*7001*8560*9991</marc:subfield>
        </marc:datafield>
    </marc:record>