
    <marc:record>
        <marc:leader>01218ccm a2200289Ma 4500</marc:leader>
        <marc:controlfield tag="001">vtls000291309</marc:controlfield>
        <marc:controlfield tag="003">IeDuNL</marc:controlfield>
        <marc:controlfield tag="005">20101119152200.0</marc:controlfield>
        <marc:controlfield tag="008">101119s1820    stkuu          n    zxx d</marc:controlfield>
        <marc:datafield tag="039" ind1=" " ind2="9">
            <marc:subfield code="a">201011191522</marc:subfield>
            <marc:subfield code="b">bquigley</marc:subfield>
            <marc:subfield code="y">201011191514</marc:subfield>
            <marc:subfield code="z">bquigley</marc:subfield>
        </marc:datafield>
        <marc:datafield tag="040" ind1=" " ind2=" ">
            <marc:subfield code="a">IeDuNL</marc:subfield>
        </marc:datafield>
        <marc:datafield tag="049" ind1=" " ind2=" ">
            <marc:subfield code="a">N6IA</marc:subfield>
            <marc:subfield code="b">MU</marc:subfield>
        </marc:datafield>
        <marc:datafield tag="100" ind1="1" ind2=" ">
            <marc:subfield code="a">Ross, John,</marc:subfield>
            <marc:subfield code="d">1763-1837.</marc:subfield>
        </marc:datafield>
        <marc:datafield tag="245" ind1="1" ind2="0">
            <marc:subfield code="a">The Pretty green banks of Cavan</marc:subfield>
            <marc:subfield code="h">[music]</marc:subfield>
            <marc:subfield code="b">Op. 45 an Irish air, arranged with variations/</marc:subfield>
            <marc:subfield code="c">and a characteristic prelude for the piano forte by John Ross, organist of Aberdeen</marc:subfield>
        </marc:datafield>
        <marc:datafield tag="250" ind1=" " ind2=" ">
            <marc:subfield code="a">No. 6</marc:subfield>
            <marc:subfield code="b">Ross's Airs</marc:subfield>
        </marc:datafield>
        <marc:datafield tag="260" ind1=" " ind2=" ">
            <marc:subfield code="a">London :</marc:subfield>
            <marc:subfield code="b">Printed by Button, Whitaker &amp; company</marc:subfield>
            <marc:subfield code="c">[ca. 18--]</marc:subfield>
        </marc:datafield>
        <marc:datafield tag="300" ind1=" " ind2=" ">
            <marc:subfield code="a">1 score (5 p) ;</marc:subfield>
            <marc:subfield code="c">36 cm.</marc:subfield>
        </marc:datafield>
        <marc:datafield tag="500" ind1=" " ind2=" ">
            <marc:subfield code="a">For pianoforte.</marc:subfield>
        </marc:datafield>
        <marc:datafield tag="500" ind1=" " ind2=" ">
            <marc:subfield code="a">Cover title.</marc:subfield>
        </marc:datafield>
        <marc:datafield tag="500" ind1=" " ind2=" ">
            <marc:subfield code="a">Op. 45</marc:subfield>
        </marc:datafield>
        <marc:datafield tag="650" ind1=" " ind2="0">
            <marc:subfield code="a">Piano music</marc:subfield>
            <marc:subfield code="v">Scores.</marc:subfield>
        </marc:datafield>
        <marc:datafield tag="650" ind1=" " ind2="0">
            <marc:subfield code="a">Variations (Piano)</marc:subfield>
            <marc:subfield code="v">Scores</marc:subfield>
        </marc:datafield>
        <marc:datafield tag="650" ind1=" " ind2="0">
            <marc:subfield code="a">Folk music, Ireland</marc:subfield>
            <marc:subfield code="v">Scores</marc:subfield>
        </marc:datafield>
        <marc:datafield tag="856" ind1=" " ind2=" ">
            <marc:subfield code="u">urn:nli:vtls000291309_1</marc:subfield>
            <marc:subfield code="u">urn:nli:vtls000291309_2</marc:subfield>
            <marc:subfield code="u">urn:nli:vtls000291309_3</marc:subfield>
            <marc:subfield code="u">urn:nli:vtls000291309_4</marc:subfield>
            <marc:subfield code="u">urn:nli:vtls000291309_5</marc:subfield>
            <marc:subfield code="x">Image filenames as supplied to NAIC      </marc:subfield>
        </marc:datafield>
        <marc:datafield tag="949" ind1=" " ind2=" ">
            <marc:subfield code="A">VIRTUAITEM</marc:subfield>
            <marc:subfield code="D">50000</marc:subfield>
            <marc:subfield code="X">23</marc:subfield>
            <marc:subfield code="6">291309</marc:subfield>
            <marc:subfield code="a">JM 4748</marc:subfield>
        </marc:datafield>
        <marc:datafield tag="999" ind1=" " ind2=" ">
            <marc:subfield code="a">VIRTUA</marc:subfield>
        </marc:datafield>
        <marc:datafield tag="999" ind1=" " ind2=" ">
            <marc:subfield code="a">VTLSSORT0080*0400*0490*1000*2450*2500*2600*3000*5000*5001*5002*6500*6501*6502*8560*9991</marc:subfield>
        </marc:datafield>
    </marc:record>
</marc:collection>